<?xml version="1.0" encoding="UTF-8"?>
<!DOCTYPE html PUBLIC "-//W3C//DTD XHTML 1.0 Transitional//EN"
    "http://www.w3.org/TR/xhtml1/DTD/xhtml1-transitional.dtd">
<html xmlns="http://www.w3.org/1999/xhtml" xml:lang="en" lang="en">
 <head>
  <title>
</title>
<meta http-equiv="Content-Type" content="text/html;charset=utf-8" />
  <meta name='ocr-system' content='tesseract 3.04.00' />
  <meta name='ocr-capabilities' content='ocr_page ocr_carea ocr_par ocr_line ocrx_word'/>
</head>
<body>
  <div class='ocr_page' id='page_1' title='image "./deconiunctionum00reusgoog_0040.png"; bbox 0 0 2858 4874; ppageno 0'>
   <div class='ocr_carea' id='block_1_1' title="bbox 565 452 824 528">
    <p class='ocr_par' dir='ltr' id='par_1_1' title="bbox 565 452 824 528">
     <span class='ocr_line' id='line_1_1' title="bbox 565 452 824 528; baseline 0.008 -2"><span class='ocrx_word' id='word_1_1' title='bbox 565 452 824 528; x_wconf 53' lang='grc' dir='ltr'><strong>ησ-</strong></span> 
     </span>
    </p>
   </div>
   <div class='ocr_carea' id='block_1_2' title="bbox 135 629 1354 4386">
    <p class='ocr_par' dir='ltr' id='par_1_2' title="bbox 135 629 1295 1361">
     <span class='ocr_line' id='line_1_2' title="bbox 237 629 1292 715; baseline 0.001 -20"><span class='ocrx_word' id='word_1_2' title='bbox 237 629 353 697; x_wconf 84' lang='lat' dir='ltr'>Paullo</span> <span class='ocrx_word' id='word_1_3' title='bbox 372 631 573 715; x_wconf 88' lang='lat' dir='ltr'><strong>insolentius,</strong></span> <span class='ocrx_word' id='word_1_4' title='bbox 596 633 742 713; x_wconf 71' lang='lat' dir='ltr'><strong>nilfallor</strong></span> <span class='ocrx_word' id='word_1_5' title='bbox 762 673 806 682; x_wconf 98' lang='lat'>—</span> <span class='ocrx_word' id='word_1_6' title='bbox 826 635 915 698; x_wconf 90' lang='lat' dir='ltr'><strong>certe</strong></span> <span class='ocrx_word' id='word_1_7' title='bbox 932 632 966 697; x_wconf 88' lang='lat' dir='ltr'><strong>in</strong></span> <span class='ocrx_word' id='word_1_8' title='bbox 977 635 1158 698; x_wconf 89' lang='lat' dir='ltr'><strong>ceterarum</strong></span> <span class='ocrx_word' id='word_1_9' title='bbox 1181 648 1292 696; x_wconf 88' lang='lat' dir='ltr'><strong>causa-</strong></span> 
     </span>
     <span class='ocr_line' id='line_1_3' title="bbox 135 737 1292 823; baseline 0.001 -21"><span class='ocrx_word' id='word_1_10' title='bbox 135 737 214 803; x_wconf 88' lang='lat' dir='ltr'><strong>lium</strong></span> <span class='ocrx_word' id='word_1_11' title='bbox 231 756 292 804; x_wconf 93' lang='lat' dir='ltr'><strong>usu</strong></span> <span class='ocrx_word' id='word_1_12' title='bbox 314 739 575 823; x_wconf 88' lang='lat' dir='ltr'><strong>conjunctionum</strong></span> <span class='ocrx_word' id='word_1_13' title='bbox 596 741 664 806; x_wconf 88' lang='lat' dir='ltr'><strong>tale</strong></span> <span class='ocrx_word' id='word_1_14' title='bbox 676 741 828 822; x_wconf 85' lang='lat' dir='ltr'><strong>quiddam</strong></span> <span class='ocrx_word' id='word_1_15' title='bbox 839 759 903 806; x_wconf 93' lang='lat' dir='ltr'><strong>non</strong></span> <span class='ocrx_word' id='word_1_16' title='bbox 916 740 1087 806; x_wconf 81' lang='lat' dir='ltr'>observavi</span> <span class='ocrx_word' id='word_1_17' title='bbox 1109 778 1141 788; x_wconf 89' lang='lat'><em>-</em></span> <span class='ocrx_word' id='word_1_18' title='bbox 1171 740 1292 804; x_wconf 90' lang='lat' dir='ltr'><strong>duobus</strong></span> 
     </span>
     <span class='ocr_line' id='line_1_4' title="bbox 135 844 1292 931; baseline 0 -21"><span class='ocrx_word' id='word_1_19' title='bbox 135 844 215 911; x_wconf 89' lang='lat' dir='ltr'><strong>locis</strong></span> <span class='ocrx_word' id='word_1_20' title='bbox 228 845 413 928; x_wconf 90' lang='lat' dir='ltr'><strong>principale</strong></span> <span class='ocrx_word' id='word_1_21' title='bbox 443 847 646 914; x_wconf 89' lang='lat' dir='ltr'><strong>enuntiatum</strong></span> <span class='ocrx_word' id='word_1_22' title='bbox 674 866 732 929; x_wconf 90' lang='lat' dir='ltr'><strong>per</strong></span> <span class='ocrx_word' id='word_1_23' title='bbox 754 848 842 931; x_wconf 82' lang='lat' dir='ltr'><strong>„ita”</strong></span> <span class='ocrx_word' id='word_1_24' title='bbox 874 847 1106 913; x_wconf 79' lang='lat' dir='ltr'><strong>introducitur:</strong></span> <span class='ocrx_word' id='word_1_25' title='bbox 1129 847 1212 911; x_wconf 85' lang='lat' dir='ltr'><strong>Ann.</strong></span> <span class='ocrx_word' id='word_1_26' title='bbox 1234 845 1292 911; x_wconf 88' lang='lat' dir='ltr'><strong>IV.</strong></span> 
     </span>
     <span class='ocr_line' id='line_1_5' title="bbox 139 954 1294 1039; baseline 0 -21"><span class='ocrx_word' id='word_1_27' title='bbox 139 959 177 1019; x_wconf 87' lang='grc'><strong>16</strong></span> <span class='ocrx_word' id='word_1_28' title='bbox 205 957 243 1039; x_wconf 85' lang='lat'><strong>¹):</strong></span> <span class='ocrx_word' id='word_1_29' title='bbox 270 957 326 1036; x_wconf 95' lang='lat' dir='ltr'><strong>„et</strong></span> <span class='ocrx_word' id='word_1_30' title='bbox 363 955 512 1034; x_wconf 89' lang='lat' dir='ltr'><strong>quoniam</strong></span> <span class='ocrx_word' id='word_1_31' title='bbox 544 956 648 1022; x_wconf 87' lang='lat' dir='ltr'><strong>exiret</strong></span> <span class='ocrx_word' id='word_1_32' title='bbox 676 974 694 1021; x_wconf 93' lang='lat' dir='ltr'><strong>e</strong></span> <span class='ocrx_word' id='word_1_33' title='bbox 718 957 792 1039; x_wconf 86' lang='lat' dir='ltr'><strong>jure</strong></span> <span class='ocrx_word' id='word_1_34' title='bbox 822 957 939 1038; x_wconf 88' lang='lat' dir='ltr'><strong>patrio,</strong></span> <span class='ocrx_word' id='word_1_35' title='bbox 970 955 1086 1035; x_wconf 83' lang='lat' dir='ltr'><strong>quiid</strong></span> <span class='ocrx_word' id='word_1_36' title='bbox 1119 954 1294 1020; x_wconf 90' lang='lat' dir='ltr'><strong>flaminium</strong></span> 
     </span>
     <span class='ocr_line' id='line_1_6' title="bbox 136 1062 1295 1146; baseline 0.001 -19"><span class='ocrx_word' id='word_1_37' title='bbox 136 1062 338 1143; x_wconf 80' lang='lat' dir='ltr'><strong>apisceretur</strong></span> <span class='ocrx_word' id='word_1_38' title='bbox 400 1112 470 1146; x_wconf 87' lang='lat'><strong>..,</strong></span> <span class='ocrx_word' id='word_1_39' title='bbox 499 1063 547 1128; x_wconf 89' lang='lat' dir='ltr'><strong>ita</strong></span> <span class='ocrx_word' id='word_1_40' title='bbox 575 1063 768 1129; x_wconf 90' lang='lat' dir='ltr'><strong>medendum</strong></span> <span class='ocrx_word' id='word_1_41' title='bbox 798 1083 869 1130; x_wconf 91' lang='lat' dir='ltr'><strong>esse</strong></span> <span class='ocrx_word' id='word_1_42' title='bbox 902 1069 936 1130; x_wconf 88' lang='lat' dir='ltr'><strong>et</strong></span> <span class='ocrx_word' id='word_1_43' title='bbox 965 1083 996 1144; x_wconf 57' lang='lat' dir='ltr'><strong>q,</strong></span> <span class='ocrx_word' id='word_1_44' title='bbox 1023 1065 1066 1128; x_wconf 83' lang='lat' dir='ltr'><strong>e.&#39;&#39;</strong></span> <span class='ocrx_word' id='word_1_45' title='bbox 1094 1063 1126 1129; x_wconf 95' lang='lat' dir='ltr'><strong>ib</strong></span> <span class='ocrx_word' id='word_1_46' title='bbox 1157 1069 1207 1129; x_wconf 83' lang='grc'><strong>39.</strong></span> <span class='ocrx_word' id='word_1_47' title='bbox 1238 1066 1295 1145; x_wconf 90' lang='lat' dir='ltr'><strong>„et</strong></span> 
     </span>
     <span class='ocr_line' id='line_1_7' title="bbox 141 1170 1293 1254; baseline 0.001 -20"><span class='ocrx_word' id='word_1_48' title='bbox 141 1171 290 1250; x_wconf 91' lang='lat' dir='ltr'><strong>quoniam</strong></span> <span class='ocrx_word' id='word_1_49' title='bbox 311 1170 483 1254; x_wconf 86' lang='lat' dir='ltr'><strong>audiverit,</strong></span> <span class='ocrx_word' id='word_1_50' title='bbox 510 1172 951 1254; x_wconf 79' lang='lat' dir='ltr'><strong>Augustumconsultarisse,</strong></span> <span class='ocrx_word' id='word_1_51' title='bbox 974 1171 1023 1237; x_wconf 85' lang='lat' dir='ltr'><strong>ita</strong></span> <span class='ocrx_word' id='word_1_52' title='bbox 1046 1171 1074 1236; x_wconf 90' lang='lat' dir='ltr'><strong>si</strong></span> <span class='ocrx_word' id='word_1_53' title='bbox 1094 1170 1229 1237; x_wconf 90' lang='lat' dir='ltr'><strong>maritus</strong></span> <span class='ocrx_word' id='word_1_54' title='bbox 1239 1170 1293 1235; x_wconf 90' lang='lat' dir='ltr'><strong>Li-</strong></span> 
     </span>
     <span class='ocr_line' id='line_1_8' title="bbox 136 1278 962 1361; baseline 0 -16"><span class='ocrx_word' id='word_1_55' title='bbox 136 1278 211 1345; x_wconf 87' lang='lat' dir='ltr'><strong>viae</strong></span> <span class='ocrx_word' id='word_1_56' title='bbox 231 1282 450 1360; x_wconf 79' lang='lat' dir='ltr'><strong>quaereretur,</strong></span> <span class='ocrx_word' id='word_1_57' title='bbox 473 1279 610 1344; x_wconf 87' lang='lat' dir='ltr'><strong>haberet</strong></span> <span class='ocrx_word' id='word_1_58' title='bbox 630 1279 664 1344; x_wconf 94' lang='lat' dir='ltr'><strong>in</strong></span> <span class='ocrx_word' id='word_1_59' title='bbox 686 1279 791 1346; x_wconf 91' lang='lat' dir='ltr'><strong>animo</strong></span> <span class='ocrx_word' id='word_1_60' title='bbox 814 1300 842 1346; x_wconf 90' lang='lat' dir='ltr'><strong>e.</strong></span> <span class='ocrx_word' id='word_1_61' title='bbox 864 1301 894 1361; x_wconf 91' lang='lat' dir='ltr'><strong>q.</strong></span> <span class='ocrx_word' id='word_1_62' title='bbox 919 1280 962 1345; x_wconf 90' lang='lat' dir='ltr'><strong>s.”</strong></span> 
     </span>
    </p>

    <p class='ocr_par' dir='ltr' id='par_1_3' title="bbox 137 1385 1297 2224">
     <span class='ocr_line' id='line_1_9' title="bbox 242 1385 1295 1473; baseline 0.002 -24"><span class='ocrx_word' id='word_1_63' title='bbox 242 1385 314 1450; x_wconf 89' lang='lat' dir='ltr'><strong>Non</strong></span> <span class='ocrx_word' id='word_1_64' title='bbox 335 1386 378 1451; x_wconf 93' lang='lat' dir='ltr'><strong>ad</strong></span> <span class='ocrx_word' id='word_1_65' title='bbox 399 1390 504 1451; x_wconf 91' lang='lat' dir='ltr'><strong>totam</strong></span> <span class='ocrx_word' id='word_1_66' title='bbox 526 1387 734 1473; x_wconf 86' lang='lat' dir='ltr'><strong>sententiam,</strong></span> <span class='ocrx_word' id='word_1_67' title='bbox 758 1393 796 1453; x_wconf 91' lang='lat' dir='ltr'><strong>ut</strong></span> <span class='ocrx_word' id='word_1_68' title='bbox 818 1388 911 1470; x_wconf 89' lang='lat' dir='ltr'><strong>solet,</strong></span> <span class='ocrx_word' id='word_1_69' title='bbox 935 1388 992 1452; x_wconf 88' lang='lat' dir='ltr'><strong>sed</strong></span> <span class='ocrx_word' id='word_1_70' title='bbox 1014 1388 1162 1452; x_wconf 90' lang='lat' dir='ltr'><strong>adunam</strong></span> <span class='ocrx_word' id='word_1_71' title='bbox 1182 1406 1295 1454; x_wconf 83' lang='lat' dir='ltr'><strong>rocem</strong></span> 
     </span>
     <span class='ocr_line' id='line_1_10' title="bbox 137 1493 1294 1578; baseline 0.003 -21"><span class='ocrx_word' id='word_1_72' title='bbox 137 1493 361 1575; x_wconf 86' lang='lat' dir='ltr'><strong>explicandam</strong></span> <span class='ocrx_word' id='word_1_73' title='bbox 382 1498 512 1575; x_wconf 74' lang='lat' dir='ltr'><strong>spectat</strong></span> <span class='ocrx_word' id='word_1_74' title='bbox 534 1496 738 1561; x_wconf 86' lang='lat' dir='ltr'><strong>enuntiatum</strong></span> <span class='ocrx_word' id='word_1_75' title='bbox 761 1515 781 1561; x_wconf 92' lang='lat' dir='ltr'><strong>a</strong></span> <span class='ocrx_word' id='word_1_76' title='bbox 803 1495 993 1578; x_wconf 77' lang='lat' dir='ltr'><strong>„quoniam”</strong></span> <span class='ocrx_word' id='word_1_77' title='bbox 1014 1496 1167 1578; x_wconf 84' lang='lat' dir='ltr'><strong>pendens,</strong></span> <span class='ocrx_word' id='word_1_78' title='bbox 1187 1495 1236 1560; x_wconf 87' lang='lat' dir='ltr'><strong>ita</strong></span> <span class='ocrx_word' id='word_1_79' title='bbox 1257 1501 1294 1560; x_wconf 92' lang='lat' dir='ltr'><strong>ut</strong></span> 
     </span>
     <span class='ocr_line' id='line_1_11' title="bbox 137 1603 1292 1685; baseline 0.003 -19"><span class='ocrx_word' id='word_1_80' title='bbox 137 1606 293 1681; x_wconf 87' lang='lat' dir='ltr'><strong>tanquam</strong></span> <span class='ocrx_word' id='word_1_81' title='bbox 314 1605 349 1668; x_wconf 90' lang='lat' dir='ltr'><strong>in</strong></span> <span class='ocrx_word' id='word_1_82' title='bbox 369 1603 557 1684; x_wconf 82' lang='lat' dir='ltr'><strong>parenthesi</strong></span> <span class='ocrx_word' id='word_1_83' title='bbox 577 1604 758 1685; x_wconf 85' lang='lat' dir='ltr'><strong>appositum</strong></span> <span class='ocrx_word' id='word_1_84' title='bbox 780 1622 851 1669; x_wconf 94' lang='lat' dir='ltr'><strong>esse</strong></span> <span class='ocrx_word' id='word_1_85' title='bbox 873 1603 1034 1684; x_wconf 88' lang='lat' dir='ltr'><strong>rideatur,</strong></span> <span class='ocrx_word' id='word_1_86' title='bbox 1059 1604 1144 1667; x_wconf 89' lang='lat' dir='ltr'><strong>Ann.</strong></span> <span class='ocrx_word' id='word_1_87' title='bbox 1167 1603 1210 1668; x_wconf 89' lang='grc' dir='ltr'><strong>ΙΙ.</strong></span> <span class='ocrx_word' id='word_1_88' title='bbox 1235 1610 1292 1669; x_wconf 75' lang='lat'><strong>56:</strong></span> 
     </span>
     <span class='ocr_line' id='line_1_12' title="bbox 138 1709 1295 1797; baseline 0.003 -24"><span class='ocrx_word' id='word_1_89' title='bbox 138 1709 320 1792; x_wconf 81' lang='lat' dir='ltr'><strong>„Ambigua</strong></span> <span class='ocrx_word' id='word_1_90' title='bbox 342 1711 399 1797; x_wconf 89' lang='lat' dir='ltr'><strong>(sc.</strong></span> <span class='ocrx_word' id='word_1_91' title='bbox 423 1711 509 1796; x_wconf 89' lang='lat' dir='ltr'><strong>erat)</strong></span> <span class='ocrx_word' id='word_1_92' title='bbox 532 1730 613 1793; x_wconf 82' lang='lat' dir='ltr'><strong>gens</strong></span> <span class='ocrx_word' id='word_1_93' title='bbox 636 1730 675 1776; x_wconf 88' lang='lat' dir='ltr'><strong>ea</strong></span> <span class='ocrx_word' id='word_1_94' title='bbox 701 1710 882 1790; x_wconf 90' lang='lat' dir='ltr'><strong>antiquitus</strong></span> <span class='ocrx_word' id='word_1_95' title='bbox 911 1710 1072 1777; x_wconf 92' lang='lat' dir='ltr'><strong>hominum</strong></span> <span class='ocrx_word' id='word_1_96' title='bbox 1100 1711 1239 1793; x_wconf 82' lang='lat' dir='ltr'><strong>ingeniis</strong></span> <span class='ocrx_word' id='word_1_97' title='bbox 1261 1716 1295 1776; x_wconf 95' lang='lat' dir='ltr'><strong>et</strong></span> 
     </span>
     <span class='ocr_line' id='line_1_13' title="bbox 138 1818 1297 1905; baseline 0.003 -23"><span class='ocrx_word' id='word_1_98' title='bbox 138 1819 203 1884; x_wconf 88' lang='lat' dir='ltr'><strong>situ</strong></span> <span class='ocrx_word' id='word_1_99' title='bbox 213 1823 384 1899; x_wconf 90' lang='lat' dir='ltr'><strong>terrarum,</strong></span> <span class='ocrx_word' id='word_1_100' title='bbox 403 1819 553 1899; x_wconf 92' lang='lat' dir='ltr'><strong>quoniam</strong></span> <span class='ocrx_word' id='word_1_101' title='bbox 575 1832 629 1900; x_wconf 69' lang='grc' dir='ltr'><strong>(ετ</strong></span> <span class='ocrx_word' id='word_1_102' title='bbox 650 1818 972 1905; x_wconf 86' lang='lat' dir='ltr'><strong>denubekanntlich)</strong></span> <span class='ocrx_word' id='word_1_103' title='bbox 993 1818 1113 1884; x_wconf 89' lang='lat' dir='ltr'><strong>nostris</strong></span> <span class='ocrx_word' id='word_1_104' title='bbox 1123 1819 1297 1900; x_wconf 88' lang='lat' dir='ltr'><strong>provinciis</strong></span> 
     </span>
     <span class='ocr_line' id='line_1_14' title="bbox 137 1926 1296 2010; baseline 0.003 -19"><span class='ocrx_word' id='word_1_105' title='bbox 137 1926 204 1992; x_wconf 90' lang='lat' dir='ltr'><strong>late</strong></span> <span class='ocrx_word' id='word_1_106' title='bbox 233 1931 407 2008; x_wconf 83' lang='lat' dir='ltr'><strong>praetenta</strong></span> <span class='ocrx_word' id='word_1_107' title='bbox 440 1927 571 2008; x_wconf 91' lang='lat' dir='ltr'><strong>penitus</strong></span> <span class='ocrx_word' id='word_1_108' title='bbox 599 1929 641 1995; x_wconf 90' lang='lat' dir='ltr'><strong>ad</strong></span> <span class='ocrx_word' id='word_1_109' title='bbox 668 1928 780 1993; x_wconf 85' lang='lat' dir='ltr'><strong>Medos</strong></span> <span class='ocrx_word' id='word_1_110' title='bbox 818 1927 1023 2010; x_wconf 80' lang='lat' dir='ltr'><strong>porrigitur.”</strong></span> <span class='ocrx_word' id='word_1_111' title='bbox 1070 1926 1160 2009; x_wconf 77' lang='lat' dir='ltr'><strong>Quae</strong></span> <span class='ocrx_word' id='word_1_112' title='bbox 1195 1929 1296 1995; x_wconf 88' lang='lat' dir='ltr'><strong>verba</strong></span> 
     </span>
     <span class='ocr_line' id='line_1_15' title="bbox 138 2035 1295 2123; baseline 0.002 -23"><span class='ocrx_word' id='word_1_113' title='bbox 138 2035 325 2123; x_wconf 89' lang='lat' dir='ltr'><strong>(„quoniam</strong></span> <span class='ocrx_word' id='word_1_114' title='bbox 346 2076 384 2082; x_wconf 86' lang='lat'><strong>--</strong></span> <span class='ocrx_word' id='word_1_115' title='bbox 407 2036 617 2119; x_wconf 81' lang='lat' dir='ltr'><strong>pomigitur”)</strong></span> <span class='ocrx_word' id='word_1_116' title='bbox 649 2037 691 2102; x_wconf 89' lang='lat' dir='ltr'><strong>ad</strong></span> <span class='ocrx_word' id='word_1_117' title='bbox 716 2035 800 2118; x_wconf 90' lang='lat' dir='ltr'><strong>„situ</strong></span> <span class='ocrx_word' id='word_1_118' title='bbox 822 2036 1001 2100; x_wconf 85' lang='lat' dir='ltr'><strong>terrarun1”</strong></span> <span class='ocrx_word' id='word_1_119' title='bbox 1029 2035 1200 2101; x_wconf 83' lang='lat' dir='ltr'><strong>referenda</strong></span> <span class='ocrx_word' id='word_1_120' title='bbox 1224 2055 1295 2102; x_wconf 90' lang='lat' dir='ltr'><strong>esse</strong></span> 
     </span>
     <span class='ocr_line' id='line_1_16' title="bbox 138 2142 401 2224; baseline 0.008 -19"><span class='ocrx_word' id='word_1_121' title='bbox 138 2142 234 2222; x_wconf 91' lang='lat' dir='ltr'><strong>plane</strong></span> <span class='ocrx_word' id='word_1_122' title='bbox 254 2145 401 2224; x_wconf 89' lang='lat' dir='ltr'><strong>apparet.</strong></span> 
     </span>
    </p>

    <p class='ocr_par' dir='ltr' id='par_1_4' title="bbox 137 2249 1354 3410">
     <span class='ocr_line' id='line_1_17' title="bbox 239 2249 1296 2332; baseline 0.003 -18"><span class='ocrx_word' id='word_1_123' title='bbox 239 2251 323 2318; x_wconf 79' lang='lat' dir='ltr'><strong>Ann.</strong></span> <span class='ocrx_word' id='word_1_124' title='bbox 349 2249 440 2316; x_wconf 86' lang='lat' dir='ltr'>XIV.</span> <span class='ocrx_word' id='word_1_125' title='bbox 466 2256 506 2316; x_wconf 78' lang='lat'><strong>28</strong></span> <span class='ocrx_word' id='word_1_126' title='bbox 528 2249 717 2332; x_wconf 85' lang='lat' dir='ltr'><strong>„quoniam”</strong></span> <span class='ocrx_word' id='word_1_127' title='bbox 739 2270 796 2332; x_wconf 93' lang='lat' dir='ltr'><strong>pro</strong></span> <span class='ocrx_word' id='word_1_128' title='bbox 819 2251 944 2332; x_wconf 83' lang='lat' dir='ltr'><strong>„quod”</strong></span> <span class='ocrx_word' id='word_1_129' title='bbox 960 2250 1099 2331; x_wconf 88' lang='lat' dir='ltr'><strong>positum</strong></span> <span class='ocrx_word' id='word_1_130' title='bbox 1111 2251 1296 2318; x_wconf 91' lang='lat' dir='ltr'><strong>esseDrae-</strong></span> 
     </span>
     <span class='ocr_line' id='line_1_18' title="bbox 137 2356 1294 2445; baseline 0.004 -25"><span class='ocrx_word' id='word_1_131' title='bbox 137 2376 235 2440; x_wconf 84' lang='lat' dir='ltr'><strong>gerus</strong></span> <span class='ocrx_word' id='word_1_132' title='bbox 263 2357 431 2423; x_wconf 83' lang='lat' dir='ltr'><strong>contendit</strong></span> <span class='ocrx_word' id='word_1_133' title='bbox 459 2357 503 2445; x_wconf 71' lang='grc' dir='ltr'><strong>(ξ.</strong></span> <span class='ocrx_word' id='word_1_134' title='bbox 528 2357 613 2444; x_wconf 82' lang='grc'><strong>188).</strong></span> <span class='ocrx_word' id='word_1_135' title='bbox 658 2356 709 2422; x_wconf 86' lang='lat' dir='ltr'><strong>lbi</strong></span> <span class='ocrx_word' id='word_1_136' title='bbox 737 2357 822 2422; x_wconf 90' lang='lat' dir='ltr'><strong>enim</strong></span> <span class='ocrx_word' id='word_1_137' title='bbox 852 2358 953 2423; x_wconf 83' lang='lat' dir='ltr'><strong>codex</strong></span> <span class='ocrx_word' id='word_1_138' title='bbox 981 2357 1145 2424; x_wconf 82' lang='lat' dir='ltr'><strong>Mediccus</strong></span> <span class='ocrx_word' id='word_1_139' title='bbox 1170 2359 1213 2423; x_wconf 92' lang='grc' dir='ltr'><strong>Π.</strong></span> <span class='ocrx_word' id='word_1_140' title='bbox 1241 2379 1294 2425; x_wconf 83' lang='lat' dir='ltr'><strong>ex-</strong></span> 
     </span>
     <span class='ocr_line' id='line_1_19' title="bbox 137 2464 1295 2549; baseline 0.003 -20"><span class='ocrx_word' id='word_1_141' title='bbox 137 2464 246 2529; x_wconf 87' lang='lat' dir='ltr'><strong>hibet:</strong></span> <span class='ocrx_word' id='word_1_142' title='bbox 273 2464 433 2547; x_wconf 83' lang='lat' dir='ltr'><strong>„Oomitia</strong></span> <span class='ocrx_word' id='word_1_143' title='bbox 456 2469 642 2547; x_wconf 87' lang='lat' dir='ltr'><strong>praetorum</strong></span> <span class='ocrx_word' id='word_1_144' title='bbox 666 2465 802 2532; x_wconf 87' lang='lat' dir='ltr'><strong>arbitrio</strong></span> <span class='ocrx_word' id='word_1_145' title='bbox 823 2469 957 2532; x_wconf 88' lang='lat' dir='ltr'><strong>senatus</strong></span> <span class='ocrx_word' id='word_1_146' title='bbox 978 2466 1093 2532; x_wconf 89' lang='lat' dir='ltr'><strong>haberi</strong></span> <span class='ocrx_word' id='word_1_147' title='bbox 1103 2466 1209 2549; x_wconf 90' lang='lat' dir='ltr'><strong>solita,</strong></span> <span class='ocrx_word' id='word_1_148' title='bbox 1234 2486 1295 2547; x_wconf 94' lang='lat' dir='ltr'><strong>quo</strong></span> 
     </span>
     <span class='ocr_line' id='line_1_20' title="bbox 138 2572 1295 2657; baseline 0.003 -20"><span class='ocrx_word' id='word_1_149' title='bbox 138 2572 262 2637; x_wconf 85' lang='lat' dir='ltr'><strong>acriore</strong></span> <span class='ocrx_word' id='word_1_150' title='bbox 275 2573 399 2637; x_wconf 89' lang='lat' dir='ltr'><strong>ambitu</strong></span> <span class='ocrx_word' id='word_1_151' title='bbox 411 2576 611 2654; x_wconf 84' lang='lat' dir='ltr'><strong>exarserant,</strong></span> <span class='ocrx_word' id='word_1_152' title='bbox 633 2573 783 2655; x_wconf 88' lang='lat' dir='ltr'><strong>princeps</strong></span> <span class='ocrx_word' id='word_1_153' title='bbox 801 2575 1006 2657; x_wconf 86' lang='lat' dir='ltr'><strong>composuit.”</strong></span> <span class='ocrx_word' id='word_1_154' title='bbox 1050 2574 1125 2639; x_wconf 79' lang='lat' dir='ltr'><strong>lam</strong></span> <span class='ocrx_word' id='word_1_155' title='bbox 1146 2575 1295 2654; x_wconf 84' lang='lat' dir='ltr'><strong>quoniam</strong></span> 
     </span>
     <span class='ocr_line' id='line_1_21' title="bbox 140 2681 1296 2765; baseline 0.003 -19"><span class='ocrx_word' id='word_1_156' title='bbox 140 2681 183 2746; x_wconf 93' lang='lat' dir='ltr'><strong>ad</strong></span> <span class='ocrx_word' id='word_1_157' title='bbox 206 2700 289 2763; x_wconf 91' lang='lat' dir='ltr'><strong>„qno</strong></span> <span class='ocrx_word' id='word_1_158' title='bbox 308 2681 431 2746; x_wconf 87' lang='lat' dir='ltr'><strong>acriore</strong></span> <span class='ocrx_word' id='word_1_159' title='bbox 452 2682 594 2747; x_wconf 88' lang='lat' dir='ltr'><strong>ambitu”</strong></span> <span class='ocrx_word' id='word_1_160' title='bbox 617 2682 845 2749; x_wconf 89' lang='lat' dir='ltr'><strong>correlatirum</strong></span> <span class='ocrx_word' id='word_1_161' title='bbox 861 2683 962 2765; x_wconf 82' lang='lat' dir='ltr'><strong>deest,</strong></span> <span class='ocrx_word' id='word_1_162' title='bbox 978 2682 1169 2749; x_wconf 83' lang='lat' dir='ltr'><strong>-fortasse</strong></span> <span class='ocrx_word' id='word_1_163' title='bbox 1178 2685 1296 2750; x_wconf 90' lang='lat' dir='ltr'><strong>lacuna</strong></span> 
     </span>
     <span class='ocr_line' id='line_1_22' title="bbox 139 2789 1295 2876; baseline 0.004 -22"><span class='ocrx_word' id='word_1_164' title='bbox 139 2790 314 2855; x_wconf 89' lang='lat' dir='ltr'><strong>statuenda</strong></span> <span class='ocrx_word' id='word_1_165' title='bbox 345 2792 396 2854; x_wconf 88' lang='lat' dir='ltr'><strong>est</strong></span> <span class='ocrx_word' id='word_1_166' title='bbox 417 2829 459 2836; x_wconf 93' lang='lat'><em>-</em></span> <span class='ocrx_word' id='word_1_167' title='bbox 481 2789 638 2871; x_wconf 86' lang='lat' dir='ltr'><strong>Halmius,</strong></span> <span class='ocrx_word' id='word_1_168' title='bbox 671 2809 764 2870; x_wconf 89' lang='lat' dir='ltr'><strong>quem</strong></span> <span class='ocrx_word' id='word_1_169' title='bbox 794 2790 940 2870; x_wconf 89' lang='lat' dir='ltr'><strong>sequitur</strong></span> <span class='ocrx_word' id='word_1_170' title='bbox 966 2789 1163 2874; x_wconf 82' lang='lat' dir='ltr'><strong>Draegerus,</strong></span> <span class='ocrx_word' id='word_1_171' title='bbox 1193 2794 1295 2876; x_wconf 79' lang='lat' dir='ltr'><strong>„quo”</strong></span> 
     </span>
     <span class='ocr_line' id='line_1_23' title="bbox 139 2896 1295 2980; baseline 0.003 -19"><span class='ocrx_word' id='word_1_172' title='bbox 139 2896 173 2961; x_wconf 93' lang='lat' dir='ltr'><strong>in</strong></span> <span class='ocrx_word' id='word_1_173' title='bbox 196 2897 386 2978; x_wconf 84' lang='lat' dir='ltr'><strong>„quoniam”</strong></span> <span class='ocrx_word' id='word_1_174' title='bbox 407 2896 556 2963; x_wconf 89' lang='lat' dir='ltr'><strong>mutavit.</strong></span> <span class='ocrx_word' id='word_1_175' title='bbox 601 2896 666 2962; x_wconf 85' lang='lat' dir='ltr'><strong>Sed</strong></span> <span class='ocrx_word' id='word_1_176' title='bbox 687 2916 745 2963; x_wconf 88' lang='lat' dir='ltr'><strong>cur</strong></span> <span class='ocrx_word' id='word_1_177' title='bbox 763 2898 909 2980; x_wconf 84' lang='lat' dir='ltr'><strong>„quo”in</strong></span> <span class='ocrx_word' id='word_1_178' title='bbox 928 2898 1117 2979; x_wconf 85' lang='lat' dir='ltr'><strong>„quoniam”</strong></span> <span class='ocrx_word' id='word_1_179' title='bbox 1128 2899 1295 2965; x_wconf 83' lang='lat' dir='ltr'><strong>mutatur?</strong></span> 
     </span>
     <span class='ocr_line' id='line_1_24' title="bbox 140 3004 1295 3089; baseline 0.005 -22"><span class='ocrx_word' id='word_1_180' title='bbox 140 3004 179 3068; x_wconf 88' lang='lat' dir='ltr'><strong>ln</strong></span> <span class='ocrx_word' id='word_1_181' title='bbox 204 3004 314 3069; x_wconf 93' lang='lat' dir='ltr'><strong>codice</strong></span> <span class='ocrx_word' id='word_1_182' title='bbox 336 3004 482 3070; x_wconf 88' lang='lat' dir='ltr'><strong>lllediceo</strong></span> <span class='ocrx_word' id='word_1_183' title='bbox 504 3004 547 3069; x_wconf 88' lang='lat' dir='ltr'><strong>H.</strong></span> <span class='ocrx_word' id='word_1_184' title='bbox 572 3005 792 3086; x_wconf 88' lang='lat' dir='ltr'><strong>compendium</strong></span> <span class='ocrx_word' id='word_1_185' title='bbox 816 3006 917 3087; x_wconf 82' lang='lat' dir='ltr'><strong>„quo”</strong></span> <span class='ocrx_word' id='word_1_186' title='bbox 939 3025 997 3087; x_wconf 91' lang='lat' dir='ltr'><strong>pro</strong></span> <span class='ocrx_word' id='word_1_187' title='bbox 1020 3007 1208 3089; x_wconf 75' lang='lat' dir='ltr'><strong>„quoniam”</strong></span> <span class='ocrx_word' id='word_1_188' title='bbox 1230 3027 1295 3073; x_wconf 93' lang='lat' dir='ltr'><strong>non</strong></span> 
     </span>
     <span class='ocr_line' id='line_1_25' title="bbox 139 3111 1354 3198; baseline 0.004 -22"><span class='ocrx_word' id='word_1_189' title='bbox 139 3112 318 3194; x_wconf 84' lang='lat' dir='ltr'><strong>invenitur,</strong></span> <span class='ocrx_word' id='word_1_190' title='bbox 341 3112 368 3177; x_wconf 88' lang='lat' dir='ltr'><strong>si</strong></span> <span class='ocrx_word' id='word_1_191' title='bbox 380 3112 508 3192; x_wconf 88' lang='lat' dir='ltr'><strong>quidem</strong></span> <span class='ocrx_word' id='word_1_192' title='bbox 519 3111 739 3178; x_wconf 86' lang='lat' dir='ltr'><strong>Ritterinotis</strong></span> <span class='ocrx_word' id='word_1_193' title='bbox 754 3112 876 3177; x_wconf 86' lang='lat' dir='ltr'><strong>criticis</strong></span> <span class='ocrx_word' id='word_1_194' title='bbox 891 3112 1053 3178; x_wconf 91' lang='lat' dir='ltr'><strong>confidere</strong></span> <span class='ocrx_word' id='word_1_195' title='bbox 1073 3113 1161 3181; x_wconf 90' lang='lat' dir='ltr'><strong>licet.</strong></span> <span class='ocrx_word' id='word_1_196' title='bbox 1205 3115 1295 3198; x_wconf 82' lang='lat' dir='ltr'><strong>Ergo</strong></span> <span class='ocrx_word' id='word_1_197' title='bbox 1349 3150 1354 3165; x_wconf 85' lang='lat'><strong>·</strong></span> 
     </span>
     <span class='ocr_line' id='line_1_26' title="bbox 141 3219 1292 3306; baseline 0.004 -22"><span class='ocrx_word' id='word_1_198' title='bbox 141 3219 383 3302; x_wconf 86' lang='lat' dir='ltr'><strong>Nipperdeyum</strong></span> <span class='ocrx_word' id='word_1_199' title='bbox 388 3220 462 3303; x_wconf 85' lang='lat' dir='ltr'><strong>jure</strong></span> <span class='ocrx_word' id='word_1_200' title='bbox 482 3220 605 3302; x_wconf 85' lang='lat' dir='ltr'><strong>„quod”</strong></span> <span class='ocrx_word' id='word_1_201' title='bbox 618 3219 785 3303; x_wconf 87' lang='lat' dir='ltr'><strong>scripsisse</strong></span> <span class='ocrx_word' id='word_1_202' title='bbox 799 3238 923 3286; x_wconf 85' lang='lat' dir='ltr'><strong>censeo.</strong></span> <span class='ocrx_word' id='word_1_203' title='bbox 967 3221 1149 3288; x_wconf 89' lang='lat' dir='ltr'><strong>Namrecte</strong></span> <span class='ocrx_word' id='word_1_204' title='bbox 1164 3224 1292 3306; x_wconf 87' lang='lat' dir='ltr'><strong>jndicat</strong></span> 
     </span>
     <span class='ocr_line' id='line_1_27' title="bbox 141 3326 846 3410; baseline 0.003 -19"><span class='ocrx_word' id='word_1_205' title='bbox 141 3326 336 3410; x_wconf 83' lang='lat' dir='ltr'><strong>Draegerus,</strong></span> <span class='ocrx_word' id='word_1_206' title='bbox 359 3326 510 3392; x_wconf 90' lang='lat' dir='ltr'><strong>hocloco</strong></span> <span class='ocrx_word' id='word_1_207' title='bbox 533 3328 656 3409; x_wconf 83' lang='lat' dir='ltr'><strong>„quod”</strong></span> <span class='ocrx_word' id='word_1_208' title='bbox 679 3328 846 3409; x_wconf 87' lang='lat' dir='ltr'><strong>postulari.</strong></span> 
     </span>
    </p>

    <p class='ocr_par' dir='ltr' id='par_1_5' title="bbox 137 3434 1294 3627">
     <span class='ocr_line' id='line_1_28' title="bbox 245 3434 1294 3521; baseline 0.006 -22"><span class='ocrx_word' id='word_1_209' title='bbox 245 3434 278 3521; x_wconf 83' lang='lat'><strong>3)</strong></span> <span class='ocrx_word' id='word_1_210' title='bbox 299 3436 428 3517; x_wconf 85' lang='lat' dir='ltr'><strong>Restat,</strong></span> <span class='ocrx_word' id='word_1_211' title='bbox 450 3440 489 3499; x_wconf 91' lang='lat' dir='ltr'><strong>ut</strong></span> <span class='ocrx_word' id='word_1_212' title='bbox 511 3435 683 3517; x_wconf 70' lang='lat' dir='ltr'><strong>demodis</strong></span> <span class='ocrx_word' id='word_1_213' title='bbox 714 3454 793 3516; x_wconf 91' lang='lat' dir='ltr'><strong>quos</strong></span> <span class='ocrx_word' id='word_1_214' title='bbox 824 3435 1012 3520; x_wconf 87' lang='lat' dir='ltr'><strong>„quoniam”</strong></span> <span class='ocrx_word' id='word_1_215' title='bbox 1034 3437 1217 3519; x_wconf 87' lang='lat' dir='ltr'><strong>particulae</strong></span> <span class='ocrx_word' id='word_1_216' title='bbox 1239 3440 1294 3506; x_wconf 89' lang='lat' dir='ltr'><strong>ad·</strong></span> 
     </span>
     <span class='ocr_line' id='line_1_29' title="bbox 137 3542 957 3627; baseline 0.001 -18"><span class='ocrx_word' id='word_1_217' title='bbox 137 3543 247 3627; x_wconf 86' lang='lat' dir='ltr'><strong>jnngit</strong></span> <span class='ocrx_word' id='word_1_218' title='bbox 270 3542 414 3626; x_wconf 82' lang='lat' dir='ltr'><strong>Tacitus,</strong></span> <span class='ocrx_word' id='word_1_219' title='bbox 438 3542 583 3610; x_wconf 78' lang='lat' dir='ltr'><strong>breviter</strong></span> <span class='ocrx_word' id='word_1_220' title='bbox 606 3542 772 3610; x_wconf 87' lang='lat' dir='ltr'><strong>disseram.</strong></span> <span class='ocrx_word' id='word_1_221' title='bbox 955 3546 957 3551; x_wconf 77' lang='grc'>’</span> 
     </span>
    </p>

    <p class='ocr_par' dir='ltr' id='par_1_6' title="bbox 139 3649 1295 4386">
     <span class='ocr_line' id='line_1_30' title="bbox 245 3649 1295 3738; baseline 0.002 -22"><span class='ocrx_word' id='word_1_222' title='bbox 245 3649 444 3717; x_wconf 85' lang='lat' dir='ltr'><strong>Goerenzius</strong></span> <span class='ocrx_word' id='word_1_223' title='bbox 461 3651 503 3716; x_wconf 87' lang='lat' dir='ltr'><strong>ad</strong></span> <span class='ocrx_word' id='word_1_224' title='bbox 524 3649 589 3717; x_wconf 82' lang='lat' dir='ltr'><strong>Oic.</strong></span> <span class='ocrx_word' id='word_1_225' title='bbox 611 3652 651 3716; x_wconf 94' lang='lat' dir='ltr'><strong>de</strong></span> <span class='ocrx_word' id='word_1_226' title='bbox 672 3651 726 3718; x_wconf 91' lang='lat' dir='ltr'><strong>fin.</strong></span> <span class='ocrx_word' id='word_1_227' title='bbox 739 3650 801 3717; x_wconf 83' lang='lat'>111.</span> <span class='ocrx_word' id='word_1_228' title='bbox 826 3656 865 3717; x_wconf 80' lang='grc'><strong>18</strong></span> <span class='ocrx_word' id='word_1_229' title='bbox 884 3650 913 3738; x_wconf 66' lang='grc' dir='ltr'><strong>ξ.</strong></span> <span class='ocrx_word' id='word_1_230' title='bbox 937 3656 993 3717; x_wconf 79' lang='lat'><strong>59:</strong></span> <span class='ocrx_word' id='word_1_231' title='bbox 1018 3650 1224 3734; x_wconf 88' lang='lat' dir='ltr'><strong>„Notandum</strong></span> <span class='ocrx_word' id='word_1_232' title='bbox 1244 3656 1295 3718; x_wconf 88' lang='lat' dir='ltr'><strong>est</strong></span> 
     </span>
     <span class='ocr_line' id='line_1_31' title="bbox 143 3757 1292 3842; baseline 0.002 -20"><span class='ocrx_word' id='word_1_233' title='bbox 143 3757 236 3840; x_wconf 89' lang='lat' dir='ltr'><strong>enim,</strong></span> <span class='ocrx_word' id='word_1_234' title='bbox 257 3763 422 3824; x_wconf 88' lang='lat' dir='ltr'><strong>auctorem</strong></span> <span class='ocrx_word' id='word_1_235' title='bbox 445 3757 478 3840; x_wconf 87' lang='lat' dir='ltr'><strong>(i.</strong></span> <span class='ocrx_word' id='word_1_236' title='bbox 500 3776 527 3824; x_wconf 91' lang='lat' dir='ltr'><strong>e.</strong></span> <span class='ocrx_word' id='word_1_237' title='bbox 539 3757 739 3842; x_wconf 79' lang='lat' dir='ltr'><strong>Ciceronem)</strong></span> <span class='ocrx_word' id='word_1_238' title='bbox 762 3758 883 3842; x_wconf 86' lang='lat' dir='ltr'><strong>duplici</strong></span> <span class='ocrx_word' id='word_1_239' title='bbox 896 3758 1023 3824; x_wconf 88' lang='lat' dir='ltr'><strong>ratione</strong></span> <span class='ocrx_word' id='word_1_240' title='bbox 1043 3758 1084 3823; x_wconf 90' lang='lat' dir='ltr'><strong>ad</strong></span> <span class='ocrx_word' id='word_1_241' title='bbox 1104 3758 1292 3840; x_wconf 86' lang='lat' dir='ltr'><strong>„quoniam“</strong></span> 
     </span>
     <span class='ocr_line' id='line_1_32' title="bbox 140 3865 1294 3952; baseline 0.003 -21"><span class='ocrx_word' id='word_1_242' title='bbox 140 3866 378 3949; x_wconf 88' lang='lat' dir='ltr'><strong>subjunctivum</strong></span> <span class='ocrx_word' id='word_1_243' title='bbox 399 3884 528 3948; x_wconf 87' lang='lat' dir='ltr'><strong>ponere,</strong></span> <span class='ocrx_word' id='word_1_244' title='bbox 550 3866 670 3948; x_wconf 88' lang='lat' dir='ltr'><strong>partim</strong></span> <span class='ocrx_word' id='word_1_245' title='bbox 692 3869 769 3950; x_wconf 86' lang='lat' dir='ltr'><strong>„ut”</strong></span> <span class='ocrx_word' id='word_1_246' title='bbox 793 3867 1027 3952; x_wconf 89' lang='lat' dir='ltr'><strong>conjunctione,</strong></span> <span class='ocrx_word' id='word_1_247' title='bbox 1053 3865 1173 3948; x_wconf 84' lang='lat' dir='ltr'><strong>partim</strong></span> <span class='ocrx_word' id='word_1_248' title='bbox 1200 3885 1294 3934; x_wconf 90' lang='lat' dir='ltr'><strong>accu-</strong></span> 
     </span>
     <span class='ocr_line' id='line_1_33' title="bbox 140 3973 1294 4057; baseline 0.002 -17"><span class='ocrx_word' id='word_1_249' title='bbox 140 3975 245 4042; x_wconf 88' lang='lat' dir='ltr'><strong>sativo</strong></span> <span class='ocrx_word' id='word_1_250' title='bbox 262 3993 332 4041; x_wconf 91' lang='lat' dir='ltr'><strong>cum</strong></span> <span class='ocrx_word' id='word_1_251' title='bbox 351 3973 511 4041; x_wconf 89' lang='lat' dir='ltr'><strong>infinitivo</strong></span> <span class='ocrx_word' id='word_1_252' title='bbox 532 3978 590 4040; x_wconf 84' lang='lat' dir='ltr'><strong>aut</strong></span> <span class='ocrx_word' id='word_1_253' title='bbox 603 3976 820 4057; x_wconf 86' lang='lat' dir='ltr'><strong>praecedente</strong></span> <span class='ocrx_word' id='word_1_254' title='bbox 839 3979 897 4042; x_wconf 90' lang='lat' dir='ltr'><strong>aut</strong></span> <span class='ocrx_word' id='word_1_255' title='bbox 909 3975 1083 4057; x_wconf 86' lang='lat' dir='ltr'><strong>sequente&#39;&#39;</strong></span> <span class='ocrx_word' id='word_1_256' title='bbox 1104 4014 1147 4023; x_wconf 97' lang='lat'>—</span> <span class='ocrx_word' id='word_1_257' title='bbox 1158 3993 1294 4056; x_wconf 86' lang='lat' dir='ltr'><strong>sequun-</strong></span> 
     </span>
     <span class='ocr_line' id='line_1_34' title="bbox 140 4081 1295 4168; baseline 0.001 -19"><span class='ocrx_word' id='word_1_258' title='bbox 140 4087 194 4149; x_wconf 89' lang='lat' dir='ltr'><strong>tur</strong></span> <span class='ocrx_word' id='word_1_259' title='bbox 214 4083 361 4164; x_wconf 88' lang='lat' dir='ltr'><strong>exempla</strong></span> <span class='ocrx_word' id='word_1_260' title='bbox 376 4122 412 4128; x_wconf 89' lang='lat'>-</span> <span class='ocrx_word' id='word_1_261' title='bbox 427 4082 558 4165; x_wconf 88' lang='lat' dir='ltr'><strong>„Aliter</strong></span> <span class='ocrx_word' id='word_1_262' title='bbox 578 4084 621 4149; x_wconf 93' lang='lat' dir='ltr'><strong>ad</strong></span> <span class='ocrx_word' id='word_1_263' title='bbox 635 4084 784 4164; x_wconf 90' lang='lat' dir='ltr'><strong>quoniam</strong></span> <span class='ocrx_word' id='word_1_264' title='bbox 805 4084 1044 4168; x_wconf 86' lang='lat' dir='ltr'><strong>conjunctivum</strong></span> <span class='ocrx_word' id='word_1_265' title='bbox 1063 4081 1209 4149; x_wconf 88' lang='lat' dir='ltr'><strong>additum</strong></span> <span class='ocrx_word' id='word_1_266' title='bbox 1230 4102 1295 4150; x_wconf 92' lang='lat' dir='ltr'><strong>non</strong></span> 
     </span>
     <span class='ocr_line' id='line_1_35' title="bbox 139 4189 1294 4287; baseline 0.001 -29"><span class='ocrx_word' id='word_1_267' title='bbox 139 4191 355 4287; x_wconf 84' lang='lat' dir='ltr'><strong>meminimus,</strong></span> <span class='ocrx_word' id='word_1_268' title='bbox 377 4189 441 4256; x_wconf 91' lang='lat' dir='ltr'><strong>nisi</strong></span> <span class='ocrx_word' id='word_1_269' title='bbox 466 4189 552 4257; x_wconf 80' lang='lat' dir='ltr'><strong>forte</strong></span> <span class='ocrx_word' id='word_1_270' title='bbox 592 4191 626 4257; x_wconf 89' lang='lat' dir='ltr'><strong>in</strong></span> <span class='ocrx_word' id='word_1_271' title='bbox 654 4193 843 4275; x_wconf 87' lang='lat' dir='ltr'><strong>parenthesi</strong></span> <span class='ocrx_word' id='word_1_272' title='bbox 872 4192 913 4258; x_wconf 88' lang='lat' dir='ltr'><strong>cf.</strong></span> <span class='ocrx_word' id='word_1_273' title='bbox 951 4211 1008 4274; x_wconf 90' lang='lat' dir='ltr'><strong>pro</strong></span> <span class='ocrx_word' id='word_1_274' title='bbox 1031 4191 1116 4257; x_wconf 83' lang='lat' dir='ltr'><strong>Sest.</strong></span> <span class='ocrx_word' id='word_1_275' title='bbox 1145 4197 1193 4257; x_wconf 92' lang='grc'><strong>11.</strong></span> <span class='ocrx_word' id='word_1_276' title='bbox 1224 4193 1294 4259; x_wconf 80' lang='lat'><strong>26.’&#39;</strong></span> 
     </span>
     <span class='ocr_line' id='line_1_36' title="bbox 139 4298 1294 4386; baseline 0.002 -20"><span class='ocrx_word' id='word_1_277' title='bbox 139 4300 214 4367; x_wconf 88' lang='lat' dir='ltr'><strong>Jam</strong></span> <span class='ocrx_word' id='word_1_278' title='bbox 243 4299 370 4382; x_wconf 80' lang='lat' dir='ltr'><strong>qrddem</strong></span> <span class='ocrx_word' id='word_1_279' title='bbox 395 4301 456 4366; x_wconf 92' lang='lat' dir='ltr'><strong>hoc</strong></span> <span class='ocrx_word' id='word_1_280' title='bbox 479 4299 650 4369; x_wconf 80' lang='lat' dir='ltr'><strong>Goerenzii</strong></span> <span class='ocrx_word' id='word_1_281' title='bbox 676 4300 831 4386; x_wconf 74' lang='lat' dir='ltr'><strong>Judicium</strong></span> <span class='ocrx_word' id='word_1_282' title='bbox 853 4301 893 4367; x_wconf 91' lang='lat' dir='ltr'><strong>de</strong></span> <span class='ocrx_word' id='word_1_283' title='bbox 923 4298 1086 4367; x_wconf 77' lang='lat' dir='ltr'><strong>Ciceronis</strong></span> <span class='ocrx_word' id='word_1_284' title='bbox 1113 4299 1294 4383; x_wconf 84' lang='lat' dir='ltr'><strong>particulae</strong></span> 
     </span>
    </p>
   </div>
   <div class='ocr_carea' id='block_1_3' title="bbox 244 4534 521 4606">
    <p class='ocr_par' dir='ltr' id='par_1_7' title="bbox 244 4534 521 4606">
     <span class='ocr_line' id='line_1_37' title="bbox 244 4534 521 4606; baseline 0 -15"><span class='ocrx_word' id='word_1_285' title='bbox 244 4536 265 4605; x_wconf 87' lang='lat'><strong>¹)</strong></span> <span class='ocrx_word' id='word_1_286' title='bbox 284 4534 410 4606; x_wconf 77' lang='lat' dir='ltr'><strong>Dracgcr</strong></span> <span class='ocrx_word' id='word_1_287' title='bbox 429 4539 443 4602; x_wconf 71' lang='grc' dir='ltr'>β</span> <span class='ocrx_word' id='word_1_288' title='bbox 463 4536 521 4591; x_wconf 65' lang='lat'><strong>18&amp;</strong></span> 
     </span>
    </p>
   </div>
   <div class='ocr_carea' id='block_1_4' title="bbox 0 0 1440 4874">
    <p class='ocr_par' dir='ltr' id='par_1_8' title="bbox 0 0 1440 4874">
     <span class='ocr_line' id='line_1_38' title="bbox 0 0 1440 4874; baseline 0 0"><span class='ocrx_word' id='word_1_289' title='bbox 0 0 1440 4874; x_wconf 95' lang='lat' dir='ltr'><strong> </strong></span> 
     </span>
    </p>
   </div>
  </div>
 </body>
</html>
