2850 4972
608 236 866 303 -36—'

139 426 199 475 usu
220 408 328 476 nescio
357 407 647 476 verum-falsumne
676 409 729 491 sit,
752 407 809 474 sed
838 409 881 476 ad
903 407 1012 477 Taciti
1035 426 1139 493 usum,
1175 408 1204 475 si
1233 427 1293 477 non

141 522 255 601 totum,
279 521 389 584 tamen
417 520 574 598 exparte
602 516 685 583 bene
707 516 860 597 quadrat:
884 517 912 583 is
943 517 1027 584 enim
1056 516 1296 602 conjunctivum

114 630 204 691 ‘non
229 625 337 708 posuit
365 624 426 690 nisi
455 642 523 690 acc.
554 643 580 689 c.
611 624 668 689 ini.
708 630 765 690 aut
795 626 1012 706 praecedente
1042 631 1100 692 aut
1132 630 1294 707 sequente.

141 734 253 813 Neque
276 734 375 799 ullum
398 734 577 813 exemplum
598 731 756 813 invenias
781 734 834 798 ubi
864 734 1090 818 conjunctivus
1111 734 1220 801 minus
1238 734 1295 801 nsi·

140 847 212 907 tate
232 842 356 923 positus
377 860 435 905 nos
456 840 607 905 offendat.
652 841 853 908 Indicatirus
866 861 990 923 quoque
1000 861 1159 922 nusquam
1181 848 1292 910 contra

140 951 245 1033 legem
275 949 440 1015 adbibitus
468 947 638 1030 reperitur,
670 968 731 1014 uno
762 950 831 1016 loco
871 956 1018 1032 excepte,
1050 949 1090 1015 de
1121 969 1185 1031 quo
1216 970 1296 1017 nunc

140 1060 301 1142 agendum
327 1062 386 1123 est.
992 1065 995 1071 '
1329 1052 1331 1065 '

242 1168 327 1232 Arm.
353 1165 397 1230 ΙΙ.
427 1170 466 1229 bt
501 1163 602 1227 codex
621 1162 787 1229 blediceus
815 1165 841 1230 Ι.
866 1167 946 1231 haec
979 1164 1099 1230 tradit:
1124 1183 1243 1247 „posse
1265 1168 1296 1231 et

140 1276 318 1341 Cheruscos
340 1278 529 1351 ceterasque
551 1271 720 1336 rebellium
743 1276 869 1355 gentes,
905 1288 966 1353 quo
989 1273 1022 1360 (i.
1047 1291 1074 1337 e.
1097 1273 1264 1361 quoniam)
1274 1274 1295 1361 ¹)

138 1384 304 1449 Romanae
326 1379 442 1447 ultioni
463 1379 643 1444 consultum
671 1382 737 1458 est,
770 1379 908 1445 internis
938 1378 1105 1445 discordiis
1129 1379 1294 1461 relinquid

140 1490 231 1574 Quae
262 1489 362 1554 verba
390 1505 460 1552 oum
490 1485 650 1567 prioribus
678 1486 727 1552 ita
758 1489 951 1568 cohaerent3
991 1486 1142 1553 Tiberius
1170 1486 1296 1570 magnis

138 1598 237 1665 factis
260 1594 445 1663 Gerunanici
466 1593 499 1658 in
522 1592 697 1659 Germania
716 1614 868 1678 prospere
899 1596 987 1661 bella
1009 1595 1156 1678 gerentis
1178 1594 1296 1661 sollici-

139 1711 231 1773 tatus
253 1710 304 1771 est
313 1706 444 1789 ejusque
468 1701 592 1785 gloriae
614 1701 755 1782 invidet,
779 1705 985 1783 quamobrem
1007 1721 1088 1785 eum,
1108 1706 1146 1766 ut
1160 1701 1297 1769 Romam

136 1816 261 1897 redeat,
279 1816 431 1880 hortatur
453 1829 492 1876 ac
513 1815 645 1891 praeter
668 1810 743 1893 alia,
775 1811 889 1892 quibus
915 1830 1027 1878 veram
1056 1829 1147 1876 suam
1164 1815 1296 1877 senten·

135 1924 216 1990 tiam
236 1921 437 1987 dissimulare
449 1919 570 2003 studet,
589 1916 689 1983 etiam
702 1919 762 1984 hoc
775 1919 979 2000 praetendit:
1001 1919 1168 1984 Romanae
1178 1917 1299 1984 ultioni

137 2034 318 2099 consultum
341 2048 421 2096 esse.

236 2140 312 2205 ,lam
333 2140 465 2219 propter
481 2133 659 2200 orationem
678 2132 841 2213 obliquam
865 2152 923 2215 pro
940 2133 1142 2215 „consultum
1165 2133 1238 2198 est'’
1255 2170 1298 2183 -

135 2249 337 2332 „consultum
356 2246 463 2311 esset’⁷
482 2242 666 2322 requiritur.
710 2240 775 2306 Sed
794 2246 981 2307 tamennon
994 2239 1168 2306 defuerunt
1181 2239 1218 2326 ²),
1243 2240 1298 2321 qui

133 2357 346 2424 indicativum
366 2354 456 2438 „est”
480 2351 694 2417 defenderent
717 2367 853 2429 eumque
877 2368 948 2415 cum
969 2348 1077 2414 Taciti
1103 2366 1226 2431 genere
1250 2348 1297 2414 di-

135 2466 229 2532 cendi
249 2482 380 2548 prorsus
404 2459 576 2528 convenire
601 2457 813 2525 affirmarent.
857 2457 922 2523 Sed
940 2473 1132 2537 quamquam
1152 2454 1180 2521 is
1206 2456 1297 2521 haud

134 2594 208 2641 raro
230 2575 264 2640 in
283 2572 429 2638 oratione
449 2568 610 2635 indirecta
630 2567 739 2648 paullo
762 2565 954 2631 insolentius
981 2563 1159 2629 indicativo
1188 2562 1297 2629 utitur

134 2686 187 2773 (cf.
210 2705 239 2766 p.
261 2690 289 2748 3.
304 2682 368 2768 ab),
391 2683 500 2744 tamen
523 2675 576 2741 bic
596 2674 685 2739 locus
703 2674 736 2739 in
757 2674 883 2740 illorum
900 2691 1066 2738 numerum
1086 2670 1203 2738 referri
1224 2692 1293 2738 non

133 2797 251 2874 potest.
296 2791 378 2854 Tum
399 2785 484 2853 enim
504 2787 593 2849 certe
614 2782 725 2863 „erat”
748 2780 929 2862 ponendum
939 2779 1011 2845 t'uit.
1057 2778 1103 2843 Oi.
1119 2780 1204 2843 Anu.
1224 2778 1289 2844 III.

136 2910 168 2966 t:
193 2898 305 2982 „proin
328 2895 515 2978 repeterent
543 2887 721 2971 sollemnia,
745 2892 779 2955 et
808 2888 882 2969 quia
904 2888 1050 2953 ludorum
1072 2885 1289 2968 Megalesium

134 3006 353 3090 spectaculum
369 3002 511 3080 suberat,
526 2996 823 3076 etiamvoluptates
834 2994 1068 3060 resumeren·t.'’
1102 2993 1142 3058 In
1162 2993 1292 3060 directa

134 3114 279 3181 oratione
301 3109 450 3176 Tiberius
472 3106 571 3172 etiam
590 3106 650 3169 boc
672 3103 740 3167 loco
764 3104 914 3184 „subest”
938 3101 1030 3166 dixit.
1077 3100 1213 3166 Tacitus
1234 3120 1293 3167 au·

134 3230 210 3304 tem,
233 3223 302 3307 ejus
322 3220 423 3287 verba
439 3215 597 3282 indirecte
614 3211 755 3277 afferens
777 3210 929 3292 „subest”
951 3209 985 3273 iu
1010 3209 1183 3290 „suberat”
1207 3227 1293 3275 com·

134 3328 383 3413 111ut.at,quiadc
394 3326 490 3391 rebus
510 3319 699 3404 praeteritis
716 3318 796 3401 agit.
842 3316 963 3382 Contra
985 3334 1139 3397 praesens
1162 3321 1293 3397 tempus

134 3437 269 3505 retineri
290 3439 408 3518 potest,
431 3431 458 3497 si
477 3431 519 3511 id,
544 3429 584 3493 de
602 3445 662 3507 quo
684 3444 786 3492 sermo
812 3430 871 3506 est,
888 3424 1056 3489 etiamtum
1070 3442 1141 3488 cum
1155 3424 1292 3491 Tacitus

134 3545 257 3627 scribit,
284 3542 347 3608 dici
367 3546 486 3623 potest,
510 3541 546 3602 ut
565 3534 730 3599 sententia
749 3531 932 3611 communis,
955 3530 1081 3595 similia.
1126 3530 1189 3595 Sic.
1204 3532 1291 3598 Anu.

133 3655 207 3720 XV.
237 3658 295 3717 ¹43:
327 3647 536 3731 „destinabat
561 3648 598 3709 ut
618 3641 766 3707 aedificia
795 3657 873 3705 saxo
902 3638 1029 3703 Albano
1061 3636 1290 3721 solidarentur,

134 3762 217 3844 quod
241 3761 269 3826 is
291 3757 374 3841 lapis
393 3753 568 3837 impervius
591 3750 670 3816 est.”

240 3970 259 4033 ¹)
279 3966 329 4018 last
351 3963 396 4017 bio
419 3960 497 4013 locus
520 3959 680 4011 innumero
705 3970 818 4019 eorum,
837 3952 938 4020 quibus
956 3949 1123 4003 vetustiores
1150 3947 1290 4005 editiones

134 4055 282 4129 „quomlo”
303 4070 354 4121 pro
382 4047 547 4121 „quoniam”
567 4046 682 4101 habent.
716 4044 770 4097 Sed
794 4044 854 4096 siva
878 4038 1024 4111 „quondo”
1043 4039 1102 4092 sive
1121 4038 1288 4106 „quoniam”

134 4150 248 4214 scribas,
266 4146 318 4199 bac
333 4158 362 4196 rs
380 4141 419 4195 nil
437 4146 572 4204 mutatum
592 4152 655 4190 uam
669 4134 751 4189 etiarn
771 4130 917 4203 „quando”
936 4130 981 4184 bic
999 4127 1147 4182 carrsaliter
1165 4128 1289 4195 positum

133 4242 229 4297 cadam
247 4236 313 4304 sore,
330 4248 382 4304 qua
400 4230 539 4301 quoniam,
558 4232 684 4281 uteretur
702 4219 913 4293 significatione.

234 4330 256 4395 ²)
274 4323 310 4378 cf.
329 4321 455 4376 lValthar
473 4318 516 4373 ad.
537 4318 563 4374 b.
584 4317 602 4373 l.
