2850 4972
595 930 827 1044 vita.

664 1155 767 1166 ...—

236 1429 341 1496 Natus
365 1447 434 1494 sum
457 1429 597 1516 ,Carolus
630 1427 815 1496 Ludovicus
835 1427 1062 1493 Ferdiuaudus
1090 1426 1195 1492 Reuss
1214 1425 1291 1491 anni

134 1557 206 1624 LII.
230 1558 283 1625 die
313 1565 342 1624 5.
369 1577 467 1624 meus.
489 1557 566 1624 Mai.
590 1557 624 1623 iu
649 1557 721 1624 vico
744 1557 972 1640 'lhuriugeusi
1001 1555 1128 1623 nomine
1148 1555 1291 1622 Schloss-

134 1685 358 1769 Beiohliugcu,
382 1689 477 1768 patre
500 1686 648 1754 Gustavo
677 1685 833 1768 topiario,
863 1689 968 1752 matre
990 1684 1106 1749 Emma
1128 1684 1169 1749 de
1191 1688 1290 1767 gente

134 1815 232 1898 Vogt,
255 1835 333 1895 quos
352 1816 459 1882 adhuc
478 1816 570 1884 vivos
599 1834 721 1881 summa
749 1815 874 1897 pietate
904 1815 982 1880 colo.
1027 1813 1122 1879 Fidei
1141 1813 1291 1879 addictus

134 1965 204 2012 sum
236 1945 458 2028 evangelicae.
490 1986 529 1994 —-
561 1945 747 2012 Literarum
776 1944 969 2010 rudimentis
1001 1943 1036 2008 in
1064 1943 1291 2025 progymnasio

133 2074 374 2141 Donndorfensi
398 2075 541 2141 imbutus
563 2094 648 2142 auno
670 2074 790 2141 vai.
807 2073 942 2142 Portam
961 2078 1113 2156 receptus
1136 2092 1214 2158 sum,
1237 2075 1291 2140 ubi

133 2202 354 2268 Kobersteiuii
374 2202 438 2270 uiri
454 2203 631 2270 doctissimi
643 2207 678 2268 et
688 2202 909 2269 humanissimi
931 2220 1028 2268 curae
1040 2202 1291 2287 commendatus,

135 2334 250 2399 Carolo
269 2333 387 2398 Petero
409 2337 546 2409 rectore,
569 2353 628 2416 per
654 2353 711 2400 sex
732 2351 834 2400 auuuos
863 2334 905 2400 ad
933 2332 1048 2399 literas
1067 2331 1205 2400 incubui.
1249 2337 1289 2401 A.

133 2464 272 2529 LXXII.
298 2463 482 2530 testimonio
509 2464 711 2531 maturitatis
735 2463 915 2529 instructus
930 2462 1074 2544 Lipsiam
1097 2482 1146 2528 me
1168 2463 1291 2529 contuli

135 2591 340 2674 philologieis
363 2593 479 2659 studiis
501 2598 535 2660 et
558 2593 721 2660 historicis
743 2610 873 2674 oporam
892 2592 1038 2658 daturus.
1083 2591 1290 2674 Quatuorse-

135 2719 270 2786 mestria
289 2721 334 2786 ibi
356 2728 516 2808 versatus,
538 2728 708 2806 postquam
731 2682 827 2789 simul
853 2721 990 2787 militiae
1013 2739 1132 2786 anuum
1154 2723 1289 2806 absolvi,

133 2847 238 2914 Halas
248 2848 466 2938 commigravi,
483 2852 537 2918 ubi
549 2853 658 2918 studia
672 2871 730 2933 per
746 2856 798 2917 ter
809 2870 903 2917 senos
921 2869 1048 2918 meuses
1058 2850 1289 2917 continuarem.

133 2978 260 3044 Scholis
287 2979 423 3046 interfui
459 2981 600 3050 virorum
636 2981 926 3048 illustrissimorum
955 2980 1145 3066 Ritsohelii,
1176 2982 1290 3068 Curtii,

135 3105 328 3186 Ecksteiuii,
358 3108 562 3196 Brockhusii,
583 3110 786 3192 Striimpellii
810 3110 952 3194 Lipsiae,
980 3109 1076 3176 Halis
1100 3111 1288 3195 Erdmauui,

136 3235 163 3302 b.
182 3236 398 3322 Bernhardyi,
420 3236 530 3325 Keilii,
553 3239 763 3325 Duemmleri,
783 3238 968 3322 Droyseuii,
986 3236 1189 3307 Kirchhoffii.
1232 3238 1289 3305 Se-

132 3364 261 3430 minarii
280 3365 469 3450 philologici
485 3367 639 3451 auspiciis
657 3365 767 3451 Keilii,
788 3366 1035 3451 Ditteubergeri
1051 3384 1149 3433 uuum
1169 3385 1289 3433 anuum

132 3492 252 3558 sodalis
273 3493 329 3560 fui.
375 3495 498 3578 Quibus
517 3495 752 3564 virisomoibus
774 3495 893 3578 optime
905 3495 946 3561 de
958 3495 1145 3562 memeritis
1163 3496 1291 3580 gratias

131 3642 194 3705 ago
215 3640 311 3702 quam
331 3624 498 3691 maximas.
