2850 4972
710 234 716 259 l

593 644 634 659 ..-
681 608 719 667 11

127 773 219 838 158.
284 772 385 856 „Sed
413 772 540 855 quari’
562 771 639 838 Ann
658 770 707 837 VI
730 775 770 836 39
792 773 884 859 (45):
910 772 1052 855 „nullam
1075 773 1115 839 ob
1137 770 1286 838 eximiam

129 900 270 964 causam,
294 881 353 947 sed
373 882 458 962 quod
479 900 540 963 par
557 881 659 945 erat”.

228 990 261 1076 c)
284 989 380 1071 „Seu
403 989 518 1069 quia’'
545 989 630 1071 „vel
654 987 768 1069 quia'’
795 1005 864 1069 „an
886 986 1009 1067 quia’t

230 1097 330 1181 „Seu
354 1098 465 1178 quia”
487 1097 528 1163 H.
547 1097 599 1161 III
622 1103 663 1162 62
689 1096 882 1178 „Fonteium
896 1095 1084 1177 Capitonem
1101 1096 1287 1175 corruptum

127 1205 217 1293 (weil
230 1223 266 1271 er
285 1205 343 1271 ilrn
356 1206 533 1272 bestoohen
554 1206 662 1289 hatte)
684 1222 741 1270 sen
764 1204 839 1284 orna
861 1221 1065 1285 corrumpere
1083 1201 1286 1283 nequiverat,

124 1313 321 1379 interfecit.”

231 1421 329 1503 „Seu
350 1421 469 1501 quotl’
492 1421 522 1486 h.
545 1419 575 1485 V
597 1424 619 1485 4
639 1438 719 1503 „sen
737 1419 896 1501 principia
928 1418 1096 1503 religionis
1126 1416 1286 1482 tradenti·

126 1530 187 1595 bus
204 1527 332 1594 Idaeis.
350 1576 381 1592 ..
404 1546 462 1594 sen
483 1528 566 1608 quod
587 1566 625 1574 ·-
649 1528 747 1593 stella
770 1527 905 1593 Saturni
926 1526 1083 1593 feratur”.

229 1636 315 1719 „Seu
340 1636 415 1717 qnia
447 1677 490 1685 —
519 1655 576 1702 seu
601 1635 708 1718 qrria‘t
732 1640 769 1700 ut
790 1637 852 1701 hoc
874 1636 1001 1717 aritiam,
1030 1634 1081 1699 bis
1102 1633 1224 1717 legitur
1243 1632 1285 1698 H.

125 1744 195 1809 19.
218 1748 270 1809 34.

229 1851 325 1935 „Vel
347 1851 465 1932 quia-⁹
486 1850 528 1916 H.
551 1850 600 1915 IV
619 1854 678 1915 48:
701 1851 907 1934 „legatorum
927 1848 978 1917 vis
998 1848 1143 1915 adolevit
1161 1847 1286 1914 diutur-

127 1958 234 2024 nitate
248 1958 357 2041 officii,
375 1959 430 2026 vel
440 1958 515 2039 qna
525 1957 701 2024 minoribus
714 1958 817 2042 major
827 1957 1013 2024 aemulandi
1024 1975 1102 2022 cura
1121 1957 1178 2042 (sc.
1189 1955 1286 2033 estb’.

233 2068 311 2149 „An
332 2067 443 2147 quia'
456 2071 482 2152 ¹)
506 2085 569 2131 non
590 2066 768 2149 invenitur,
787 2067 850 2132 niSi
872 2069 925 2131 ter
945 2066 978 2132 In
998 2065 1164 2132 annalInm
1177 2064 1284 2129 libris:

126 2175 180 2240 III
202 2182 220 2241 9
245 2175 419 2260 „vitandae
446 2174 635 2256 suspicionis
655 2194 698 2241 an
719 2175 795 2256 qnia
824 2174 952 2256 pavidis
971 2173 1107 2239 consilia
1129 2172 1163 2238 in
1183 2173 1286 2237 incer·

127 2288 162 2349 to
182 2284 287 2350 sunt.’'
331 2283 379 2350 IV
400 2288 442 2349 54
462 2285 586 2366 „donec
602 2284 748 2350 advertit
771 2283 930 2365 Tiberius,
954 2283 1040 2349 forte
1065 2300 1109 2347 an
1133 2281 1209 2362 qnia
1231 2300 1286 2346 an·

127 2392 284 2459 diverat.”
329 2392 416 2457 XIII
440 2398 477 2457 12
503 2391 593 2473 „fato
614 2411 658 2458 an
676 2393 752 2473 qnia
769 2392 963 2475 praevalent
983 2390 1138 2458 inIIcita.'’

231 2499 304 2583 „vel
326 2500 428 2579 quotl’
453 2518 516 2582 „an
533 2501 634 2580 qnorl'
658 2519 816 2582 nusquam
837 2501 886 2567 ita
907 2499 1015 2582 posita
1037 2503 1122 2565 sunt.

173 2696 204 2798 b.
224 2733 266 2800 tie
296 2733 449 2800 nonnullis
480 2735 566 2816 locis,
593 2735 642 2816 qui
670 2751 738 2800 cun
771 2735 907 2800 inusitati
931 2733 1071 2815 quiddam
1097 2733 1239 2815 habeant,

443 2842 646 2924 explicatione
670 2842 801 2923 quatern
826 2841 969 2924 indigent.

229 2966 325 3049 Loci,
356 2967 470 3047 quibus
498 2969 706 3034 enuntiatum
730 2969 861 3035 causale
885 2967 1024 3051 subjecti
1049 2965 1155 3033 locum
1173 2971 1288 3033 tenere

127 3072 268 3154 videtur,
290 3073 339 3139 ita
362 3079 399 3139 nt
422 3076 537 3157 „qnia”
553 3095 610 3157 pro
635 3077 757 3159 „quon”
783 3075 1026 3159 (derUmstanrl
1044 3075 1133 3147 ‹lass›
1147 3074 1288 3158 position

128 3198 200 3247 esse
228 3182 339 3264 putari
360 3184 479 3266 possit,
503 3184 538 3248 bi
566 3184 787 3265 reperiuntur:
817 3184 902 3247 Ann.
929 3183 964 3247 H
986 3187 1047 3247 44:
1070 3181 1286 3265 „Germanico

127 3288 284 3354 alienatio
301 3291 412 3373 patrui
434 3310 574 3357 amorem
596 3294 682 3373 apud
706 3296 833 3358 ceteros
856 3296 993 3357 auxerat
1023 3295 1057 3356 et
1085 3291 1160 3370 qnia
1194 3291 1287 3356 clari-

127 3396 241 3464 tudine
262 3399 399 3466 materni
417 3399 547 3482 genens
559 3395 737 3466 anteibat.”
782 3400 831 3465 Ib.
843 3399 891 3464 Vl
904 3405 923 3464 9
938 3404 1025 3479 (15):
1072 3397 1287 3481 „Constantia

127 3505 294 3589 orationis,
316 3511 351 3571 et
367 3506 443 3587 quia
464 3513 613 3589 repertus
634 3512 716 3590 erat,
741 3506 795 3587 qui
820 3506 961 3587 efferret,
986 3523 1068 3586 qrrae
1089 3523 1199 3570 onnes
1218 3505 1285 3570 ani-

127 3633 179 3681 mo
200 3614 385 3698 agitabant,
409 3633 447 3681 eo
466 3634 568 3696 nsque
589 3622 734 3697 potuere,
756 3621 794 3680 ut
816 3617 1086 3680 accusatores...
1110 3614 1286 3678 multaren-

127 3722 211 3789 tnr”.
255 3723 304 3788 Ib.
326 3723 374 3788 Vl
397 3729 437 3789 29
459 3727 544 3805 ibib:
569 3724 674 3806 „Nam
689 3727 856 3805 promptas
874 3720 1028 3787 eiusmodi
1040 3725 1160 3787 mortes
1181 3727 1287 3784 met-us

128 3829 291 3897 carnificis
312 3829 468 3912 faciebat,
491 3835 526 3895 et
547 3831 623 3912 quia
643 3830 790 3897 damnati
811 3828 988 3912 publicatis
1008 3828 1101 3893 bonis
1118 3828 1286 3908 sepultura

126 3938 341 4019 prohibantur
353 3939 434 4003 etc.”
479 3940 549 4004 Iarn
569 3940 697 4019 quidem
717 3938 788 4004 situ
798 3938 849 4005 lris
866 3937 945 4004 locis
959 3955 1017 4018 pro
1030 3935 1145 4018 „quia”
1161 3934 1285 4017 „quoti”

128 4046 324 4112 collocatum
344 4054 442 4129 esset,
463 4047 510 4112 eis
528 4047 610 4112 nihil
629 4047 750 4113 inesset
770 4046 878 4112 alieni.
925 4045 1023 4109 Certe
1052 4043 1175 4125 „quorl”
1209 4060 1278 4106 sae-

127 4152 200 4237 pius
218 4154 267 4219 ita
288 4160 478 4236 usrnpatum
500 4155 681 4221 invenimus
703 4160 741 4220 ut
770 4154 844 4220 Ger.
881 4160 940 4218 43:
968 4151 1073 4235 „Osos
1099 4150 1286 4216 Pannonica

127 4260 244 4345 lingua
262 4263 412 4345 coarguit
427 4283 491 4328 non
502 4282 572 4329 esse
591 4263 780 4345 Germanos,
793 4269 827 4329 et
843 4259 1283 4342 q11011tributapatirmt1u·”;

127 4368 209 4437 item
235 4370 275 4439 H.
297 4370 349 4435 III
374 4378 413 4437 46
442 4372 518 4437 Ann
546 4373 594 4437 IV
620 4378 668 4438 18.
713 4371 777 4437 Seri
804 4370 951 4450 quamvis
976 4370 1011 4435 hi
1037 4368 1100 4434 loci
1128 4366 1194 4434 illis
1219 4367 1285 4432 sint

239 4588 259 4651 ¹)
278 4585 425 4651 Quomodo
443 4586 511 4641 talia
528 4586 720 4642 additamenta
743 4586 882 4655 particula
902 4582 972 4655 „an”
996 4583 1073 4639 lacta
1096 4584 1284 4653 intellegenda

132 4680 237 4747 αιοπι,
252 4680 365 4745 praeter
383 4676 456 4733 alica
472 4674 647 4734 Woelffiniua
665 4676 805 4749 exposuit.
841 4676 878 4733 ci.
897 4676 999 4733 Philet.
1014 4676 1111 4733 m.
1125 4676 1244 4741 unns.
