2850 4972
596 562 814 627 ...17-

230 732 364 815 Semper
382 738 492 800 autem
520 732 705 800 coniuntivo
734 731 869 799 Tacitus
895 731 1010 815 utitur,
1037 749 1109 797 cum
1137 730 1285 797 aliosde

126 860 163 907 se
184 841 264 923 ipsis
286 841 321 907 in
343 842 447 924 prima
468 861 606 924 persona
625 842 718 909 verbi
736 842 907 922 loquentes
923 840 1021 906 facit:
1044 840 1124 923 Agr.
1137 844 1177 905 46
1203 856 1285 921 ,non

126 948 202 1030 quia
219 954 386 1031 paveam“.
405 949 446 1015 H.
460 950 526 1014 115
547 968 630 1032 „non
646 949 722 1030 quia
737 967 801 1014 non
817 949 972 1014 habeam'’
990 948 1087 1014 11129
1107 966 1192 1029 „non
1210 946 1286 1027 quia

126 1056 281 1139 paveam”
296 1056 379 1121 1111.
394 1056 476 1121 XIV
488 1061 529 1121 43
549 1076 632 1138 „non
647 1055 951 1136 quia-dubitarem“.
974 1056 1153 1120 Praeterea
1164 1065 1198 1119 in
1215 1072 1285 1119 ora-

125 1164 215 1230 tione
227 1163 388 1229 indirecta
399 1164 604 1231 coniuntivus
612 1165 808 1247 supplendus
824 1164 1073 1229 1111111133.
1085 1162 1286 1245 „Distinctos

127 1276 262 1338 senatus
284 1276 319 1337 ct
339 1271 481 1351 equitum
503 1290 627 1355 census,
651 1291 716 1338 non
738 1272 813 1352 quia
843 1272 964 1339 diversi
985 1275 1104 1339 natura
1127 1271 1184 1358 (sc.
1207 1270 1286 1352 sint)

128 1380 187 1446 sed
207 1379 478 1446 ut-antistent.'’

234 1486 305 1554 Iam
334 1506 425 1569 vero,
455 1491 491 1553 ut
513 1489 574 1553 hoc
597 1487 724 1561 addam,
756 1487 843 1553 iusta
866 1506 965 1552 causa
985 1487 1117 1552 additur
1146 1505 1209 1552 non
1228 1503 1287 1567 per

132 1591 207 1675 „sed
234 1595 328 1673 quial
361 1595 417 1660 sed
447 1613 507 1676 per
539 1595 615 1675 „sed
642 1599 799 1675 sequente
822 1595 992 1660 enuntiato
1012 1613 1070 1676 per
1092 1613 1127 1659 se
1148 1593 1286 1675 posito“,

127 1705 165 1767 ut
186 1701 253 1767 dial
276 1708 326 1768 37.
341 1703 668 1779 (sed-memimeriust
691 1705 769 1786 Agr.
793 1708 833 1767 41·
856 1702 898 1767 H.
920 1703 936 1767 Ι
957 1702 1061 1785 15,ss
1085 1708 1134 1785 li,
1157 1702 1210 1766 ΙΠ
1236 1706 1285 1767 80.

127 1808 192 1873 Pro
216 1810 312 1887 ‚‚sed“
336 1809 459 1892 legitur
481 1816 630 1891 „veruml
644 1812 729 1875 Ann.
753 1810 840 1874 XIII
864 1819 889 1875 l.
936 1809 1040 1893 „Sedi
1066 1809 1216 1875 omissum
1236 1813 1287 1874 est

128 1915 170 1981 H.
184 1915 201 1979 I
215 1921 255 1981 29
270 1916 385 1999 (patris
402 1922 435 1982 et
446 1923 580 1983 senatus
615 1959 617 1963 -
648 1918 763 1994 doleo).
786 1917 966 1983 Praeterea
981 1918 1075 1999 „sedl
1091 1917 1287 1998 particulam

128 2022 304 2103 aliquoties
329 2029 403 2106 „ut“
430 2033 537 2107 („ne“,
561 2026 659 2091 finale
675 2026 835 2106 sequium:
859 2025 901 2090 H.
922 2025 1287 2108 III41„sedut-prae-

128 2132 351 2203 tenderetur”)
374 2134 458 2198 Anu.
480 2135 515 2199 Π
538 2139 587 2199 33.
607 2134 689 2200 XIV
714 2140 752 2198 ta
778 2135 869 2215 („sed
888 2153 930 2200 ne
954 2134 1117 2214 viderer’)
1145 2134 1208 2200 XV
1235 2142 1287 2200 60.

129 2238 215 2321 Quia
249 2257 308 2321 per
330 2258 365 2305 se
387 2240 608 2325 intellegitur,
637 2241 764 2307 omnino
795 2260 859 2307 non
880 2241 994 2308 addita
1015 2246 1067 2307 est
1087 2260 1167 2308 vera
1187 2261 1287 2308 causa

128 2347 195 2413 dial
219 2354 248 2412 9.

236 2456 372 2538 Restat,
403 2460 440 2521 ut
467 2456 507 2521 dc
533 2456 620 2537 loco,
653 2475 747 2535 quem
776 2457 883 2522 adhuc
904 2458 1051 2523 consulto
1073 2458 1287 2542 praetermisi,

127 2582 233 2646 pauca
259 2564 387 2630 addam.
430 2563 508 2629 Dial
539 2570 596 2629 37:
632 2565 687 2629 ubi
717 2569 889 2646 postquam
917 2566 1140 2631 demonstrare
1170 2566 1286 2647 coepit,

129 2672 172 2737 ad
197 2689 332 2754 magnos
355 2676 501 2736 oratores
519 2671 733 2752 pelliciendos
752 2672 880 2755 magnis
923 2673 1030 2737 causis
1051 2691 1130 2754 opus
1152 2691 1223 2738 esse
1250 2713 1254 2718 -
1280 2712 1283 2717 ·

129 2797 204 2843 nam
224 2796 370 2844 crescere
393 2797 465 2843 cum
487 2779 701 2860 amplitudine
723 2799 830 2846 rerum
852 2780 1053 2863 vimingenii
1119 2781 1289 2846 Maternus

127 2886 179 2952 ita
216 2885 342 2969 pergit:
373 2904 452 2968 „uec
482 2885 669 2952 Ciceronem
701 2906 853 2970 magnum
880 2893 1041 2954 oratorem
1069 2888 1105 2953 P.
1138 2888 1289 2970 Quintius

131 2992 285 3061 defensus
319 2997 377 3058 aut
406 2993 551 3059 Licinius
580 2994 720 3059 Archias
750 2993 890 3061 iaciunt:
910 2995 1053 3061 Catilina
1086 2999 1119 3061 et
1147 2994 1225 3059 Milo
1255 2999 1290 3059 et

130 3100 252 3167 Verres
274 3103 308 3165 et
319 3100 481 3167 Antonius
501 3104 586 3167 hanc
605 3102 655 3166 illi
675 3100 795 3168 famam
817 3102 1106 3168 circumdederunt.
1128 3121 1192 3168 non
1215 3101 1290 3182 quia

130 3207 218 3273 tanti
242 3206 306 3272 l'uit
325 3207 523 3290 reipublicae
545 3210 648 3274 malos
670 3208 756 3275 ferre
779 3208 874 3287 cives,
909 3213 946 3273 ut
967 3211 1098 3275 uberem
1120 3210 1161 3274 ad
1183 3209 1290 3274 diceu-

129 3318 204 3383 dum
229 3316 400 3381 materiam
432 3322 579 3383 oratores
607 3317 779 3383 haberent:
812 3318 869 3383 sed
893 3321 931 3381 ut
960 3316 1095 3382 subinde
1123 3317 1288 3400 admoneo,

134 3423 334 3504 quaestionis
349 3422 586 3490 meminerimus
607 3426 819 3507 sciamusque,
841 3444 900 3490 nos
921 3425 961 3490 de
980 3444 1020 3491 ea
1040 3444 1075 3489 re
1087 3425 1183 3506 loqui,
1207 3444 1290 3505 quae

132 3530 263 3597 facilius
299 3531 439 3597 turbidis
478 3536 512 3597 et
541 3531 694 3611 inquietis
730 3533 929 3615 temporibus
959 3533 1102 3598 extitit.“
1148 3532 1291 3597 Primum

135 3639 221 3720 quod
231 3638 355 3705 attinet
375 3640 417 3705 ad
435 3641 606 3706 verborum
628 3641 836 3722 sententiam,
856 3640 896 3705 de
917 3657 977 3705 usu
997 3644 1031 3705 et
1052 3639 1290 3724 significatione

131 3745 297 3829 ellipticae
322 3745 495 3811 locutionis
527 3748 634 3829 „tanti
664 3752 734 3813 est“
765 3745 953 3829 planissime
983 3751 1017 3811 et
1046 3746 1290 3811 accuratissime

131 3853 318 3937 Madvigius
330 3861 354 3929 ¹)
386 3852 548 3920 disseruit.
601 3855 801 3936 Supersedeo
827 3855 929 3938 igitur
957 3855 1042 3919 hanc
1069 3853 1291 3934 quaestionem

131 3965 186 4031 hic
206 3963 352 4046 plmibus
373 3965 530 4030 tractare.

235 4070 363 4137 Deinde
379 4074 489 4138 autem
511 4071 618 4137 altera
638 4071 676 4136 fit
699 4070 921 4138 controversia
944 4071 1119 4149 eademque
1132 4068 1292 4151 gravioris

135 4177 299 4245 momenti.
344 4176 545 4259 Quamquam
573 4178 658 4243 enim
680 4178 733 4243 hic
753 4179 843 4244 locus
866 4176 1010 4243 codicum
1033 4175 1195 4258 scriptura
1217 4195 1290 4242 cou-

132 4286 589 4368 sentienteoptimefundatus
597 4292 657 4371 est,
669 4292 778 4354 tamen
788 4287 986 4353 recentiores
997 4284 1291 4351 editoresHalmius

132 4394 321 4476 Michaelis,
346 4394 558 4462 Audresenus
578 4415 636 4478 pro
661 4395 872 4479 „mutilum
897 4394 932 4460 in
955 4397 1082 4459 textum
1108 4392 1215 4474 „tanti
1236 4392 1287 4458 fu·

239 4628 261 4693 ¹)
279 4622 315 4681 ol.
334 4623 471 4695 opusculo
488 4622 648 4682 academica
666 4625 694 4682 11
711 4640 739 4693 p.
760 4624 889 4693 187111.
