2850 4972
607 517 820 582 ...31-

135 706 216 772 mus,
242 689 353 756 tamen
372 688 464 772 leges
485 685 717 773 grammaticas
734 704 814 769 quas
824 688 981 773 11111111,
999 706 1140 770 unquam
1148 687 1289 756 violasse

130 795 196 862 dici
224 794 346 876 nequit.
391 795 477 861 Sane
506 833 547 842 -
577 795 673 875 idque
703 813 768 861 non
794 795 910 862 mirum
936 801 988 863 est
1008 835 1051 847 -—
1076 797 1163 862 haud
1184 814 1289 877 pauca

132 882 345 950 inveniuntur
365 881 527 964 exempla,
558 881 592 947 in
615 881 730 962 quibus
757 883 997 951 coniuncturum
1018 882 1118 949 alieni
1139 882 1290 963 quiddam

133 990 256 1059 habere
278 1009 400 1075 negare
421 1008 486 1056 non
505 989 627 1071 possis:
657 1010 766 1057 eorum
788 995 899 1058 autem
926 992 1099 1076 explicatio
1128 1009 1290 1072 nunquam

134 1097 234 1166 affert
255 1117 408 1181 magnam
426 1096 665 1164 difficultatem.
711 1098 783 1180 Qua
805 1100 845 1165 de
864 1100 994 1166 re‘nunc
1015 1099 1193 1181 dicendum,
1215 1098 1288 1164 erit.

133 1205 177 1273 H.
198 1207 225 1274 1.
248 1212 307 1272 861
334 1207 386 1289 „id
407 1206 512 1288 ipsum
526 1207 610 1285 quod
633 1207 765 1287 paranti
786 1208 1024 1290 expeditionem
1033 1207 1155 1274 Othoni
1174 1207 1289 1273 ...iter

131 1314 212 1381 belli
226 1320 313 1381 esset
334 1317 544 1396 obstructum,
561 1313 596 1379 in
607 1314 788 1398 prodigium
801 1317 1022 1382 vertebatur'.
1060 1315 1291 1382 Coniunctivus

136 1423 264 1490 'scilicet
286 1443 327 1489 ex
349 1422 515 1489 sententia
538 1441 647 1488 eorum
666 1422 792 1504 positus
814 1429 875 1507 est,
900 1425 954 1505 qui
974 1425 1066 1490 illam
1087 1443 1155 1490 rem
1175 1424 1289 1505 inpro-

132 1531 255 1614 digium
280 1531 485 1598 vertebant·
510 1529 552 1594 H.
580 1531 615 1595 Il
640 1533 697 1596 54:
734 1531 945 1613 „intendebat
972 1531 1184 1614 formidinem,
1206 1532 1290 1611 quod

134 1638 255 1721 publici
278 1637 403 1704 consilii
424 1637 509 1703 facie
530 1637 706 1703 discessum
727 1638 855 1705 Mutina
876 1641 1090 1720 desertaeque
1110 1645 1222 1721 partes
1243 1638 1259 1704 f
1277 1677 1289 1689 -
1359 1636 1365 1657 ·’

130 1748 235 1816 rent'’.
283 1745 515 1813 Oonirmctivus
535 1764 575 1812 ex
599 1745 746 1827 opinione
768 1765 878 1812 eorum
897 1748 1075 1814 collocatus
1083 1752 1144 1830 est,
1156 1764 1290 1827 quorum

134 1856 272 1923 formido
292 1855 533 1937 intendebatur,
559 1859 715 1934 tanquam
738 1855 894 1937 scriptum
916 1856 974 1922 sit:
1000 1856 1208 1939 „metuebant
1229 1855 1287 1942 (sc.

135 1982 153 2029 e
182 1962 358 2045 prioribus:
389 1961 572 2048 senatores)
604 1979 641 2026 eo
670 1961 774 2045 magis
801 1964 885 2043 quod
914 1983 940 2029 e.
970 1983 1000 2044 q.
1029 1965 1074 2031 εἶ’
1102 1964 1158 2030 111
1185 1961 1289 2028 simile

136 2072 298 2154 quiddam.
343 2072 443 2137 Porro
471 2071 514 2136 H.
536 2071 567 2136 V
591 2076 646 2136 101
680 2072 842 2154 „augebat
869 2071 952 2155 irae,
979 2073 1062 2152 quod
1088 2071 1148 2137 soli
1176 2067 1290 2135 Iudaei

131 2198 198 2246 uon
230 2175 431 2251 cessissent'.
473 2179 599 2245 Rmsus
634 2179 859 2248 coniunctivus
889 2180 1071 2262 explicatur
1104 2198 1145 2244 ex
1180 2196 1290 2245 eorum

132 2287 351 2370 cogitatione,
389 2306 521 2368 quorum
552 2287 621 2352 irae
654 2288 868 2370 augebantur.
923 2287 988 2354 Sed
1015 2289 1084 2372 jam
1112 2287 1289 2370 videamus,

133 2395 210 2475 quid
237 2396 388 2462 inusitati
415 2396 459 2461 sit
486 2396 520 2461 11
548 2395 670 2462 talibus
697 2395 786 2461 locis
838 2395 998 2476 Equidem
1027 2397 1088 2461 hoc
1116 2398 1205 2476 puto.
1248 2393 1288 2459 ¹Is

132 2504 188 2571 vel
217 2503 256 2586 ei,
287 2523 305 2569 1
334 2523 467 2584 quorum
496 2503 662 2570 sententia
688 2503 827 2584 scriptor
857 2521 911 2568 res
937 2506 1069 2585 narrat,
1099 2499 1290 2566 nominatim

136 2630 201 2677 non
224 2612 384 2695 dicuntm,
408 2613 465 2678 sed
487 2615 617 2678 tantum
637 2611 729 2678 velut
751 2610 908 2692 implicite
928 2611 963 2677 in
992 2611 1043 2677 his
1070 2608 1289 2692 impersonali-

135 2721 195 2785 bus
219 2720 355 2801 ideoque
377 2738 441 2786 non
463 2720 545 2787 satis
566 2719 711 2786 definitis
730 2719 864 2788 vocibus
885 2723 923 2785 11
947 2718 1159 2801 „intendebat
1182 2717 1290 2784 formi-

134 2828 260 2895 dinem’'
288 2830 450 2912 „augebat
470 2828 555 2894 iras’'
579 2828 796 2894 continentur.
841 2829 912 2894 lam
934 2832 1044 2895 autem
1066 2827 1137 2893 fieri
1164 2829 1287 2910 potest,

133 2940 172 3002 11
192 2935 390 3004 1111111111
419 2956 482 3002 111
510 2938 553 3003 11
580 2936 724 3020 singulos
749 2936 911 3019 homines,
939 2937 995 3017 qui
1023 2936 1233 3004 everborum
1255 2938 1291 3001 et

135 3044 373 3112 sententiarum
388 3063 475 3111 nexu
495 3049 742 3127 cognoscuntur,
764 3046 821 3111 sed
835 3045 961 3110 omnino
973 3044 1016 3111 ad
1027 3044 1172 3111 homines
1189 3046 1289 3130 (man,

135 3153 188 3219 die
210 3153 398 3220 dii'cntliche
419 3153 589 3240 Meinrmg)
601 3153 796 3219 referantur.
840 3152 894 3218 Sic
905 3171 958 3219 res
976 3172 1011 3219 se
1024 3154 1125 3219 habet
1137 3153 1171 3217 in
1185 3170 1290 3218 exem-

135 3262 188 3343 plo
209 3264 406 3342 postremum
429 3261 548 3341 allat03
569 3260 708 3327 omnium
728 3261 797 3326 irae
818 3262 1038 3344 augebantm:
1062 3281 1102 3327 ex
1125 3260 1290 3327 existima-

135 3369 224 3435 tione
247 3369 406 3434 communi
426 3368 665 3436 coniunctivum
690 3369 901 3450 „cessissent”
925 3369 1063 3451 scriptor
1079 3369 1196 3452 posuit.
1241 3368 1290 3434 Si·
1359 3440 1362 3445 ,

134 3476 256 3543 militer
277 3477 362 3542 Anu.
386 3477 421 3541 11
444 3483 497 3543 371
523 3495 606 3560 „quo
625 3478 729 3561 magis
743 3478 858 3543 mirum
875 3477 948 3560 init,
968 3479 1052 3559 quod
1061 3497 1175 3560 preces
1187 3477 1291 3545 Marci

134 3585 286 3651 Hortali.
303 3632 328 3648 ..
352 3584 521 3667 superbius
541 3586 740 3668 accepisset''
764 3586 841 3674 (Um
862 3606 896 3653 so
910 3587 1001 3653 mehr
1013 3587 1183 3653 wunderte
1204 3605 1290 3652 man

135 3694 205 3761 sich
235 3694 310 3759 dass
336 3695 416 3780 etc.)
445 3694 607 3759 1111.Ηῖ
638 3701 695 3761 29:
727 3698 848 3777 „utque
875 3696 956 3761 haec
983 3696 1123 3761 secundo
1151 3713 1289 3777 rumore,

135 3803 184 3869 111
205 3800 352 3869 adversis
373 3801 489 3867 animis
509 3805 689 3884 acceptum,
712 3802 796 3883 quod
816 3803 882 3870 lilio
898 3802 1026 3869 Claudii
1047 3822 1138 3870 socer
1153 3803 1291 3869 Seianus

139 3910 360 3978 destinaretur
386 3909 478 3997 (Man
507 3929 577 3976 war
604 3910 838 3999 unzufrieden).
887 3912 933 3978 Et
961 3911 1098 3995 saepius.
1143 3910 1291 3978 Conferri

135 4024 245 4102 potest
266 4039 296 4101 p.
322 4022 371 4084 19.
393 4056 436 4067 -

238 4148 417 4213 Praeterea
437 4148 625 4229 plerumque
647 4147 887 4216 conirmctivum
908 4149 1048 4232 scriptor
1069 4169 1189 4232 ponere
1206 4151 1291 4217 solet

137 4260 212 4339 post
233 4258 335 4324 verba
346 4256 530 4339 accusandi,
551 4257 715 4340 laudandi,
734 4258 942 4340 vituperandi
964 4258 1080 4324 similia
1103 4263 1139 4324 et
1152 4264 1226 4341 post
1240 4277 1288 4341 ea,

137 4384 220 4447 quae
245 4365 386 4446 aliquem
406 4365 559 4431 affectum
580 4365 774 4449 exprimunt.
820 4368 943 4432 Tamen
966 4386 1029 4433 uno
1050 4366 1120 4433 loco
1143 4348 1290 4434 coniunc-

136 4474 225 4541 tivus
245 4474 368 4555 aliquid
389 4474 573 4541 offensionis
594 4476 715 4542 habere
735 4474 962 4543 mihividetur.
1006 4475 1135 4542 1111191
1157 4477 1289 4558 „lauda-

136 4583 240 4651 vimus
265 4600 369 4665 nuper
394 4587 433 4649 ut
460 4582 574 4653 miram
599 4587 635 4651 11
654 4581 805 4652 eximiam
826 4582 1028 4669 Vespasiani
1042 4582 1310 4660 liberaiimssm„
