2850 4972
608 600 649 610 -.
692 564 729 627 41
779 600 820 610 -.

243 736 279 819 3)
298 730 447 812 Denique
469 730 627 815 „quippe”
643 731 806 800 interdum
816 732 859 799 ad
880 730 1046 818 adjectiva
1058 728 1295 814 volpertieipia

134 837 296 922 jungitur,
305 838 420 920 quibus
431 838 561 920 aliquod
569 839 819 922 substantivum,
831 839 1099 923 quodpraecedit,
1113 838 1296 921 explicatur

138 944 203 1010 Hic
233 964 318 1028 usus,
348 947 434 1029 apud
455 945 584 1014 Livium
605 965 730 1028 quoque
752 947 866 1031 rarior,
888 948 930 1014 ¹in
959 946 1069 1014 Taciti
1094 943 1225 1029 scriptis
1245 944 1296 1009 bis

139 1054 316 1136 reperitur:
339 1056 381 1122 H.
404 1056 430 1121 I.
454 1062 511 1122 32:
535 1073 661 1138 „neque
677 1056 743 1122 illis
760 1056 917 1140 judicium
938 1060 997 1123 aut
1018 1055 1155 1136 veritas,
1177 1051 1295 1135 qnippe

139 1161 251 1228 eodem
280 1162 333 1228 die
360 1163 489 1230 diversa
518 1162 591 1244 pari
609 1163 788 1231 certamine
815 1162 1059 1246 postulaturis.'’
1089 1160 1229 1245 „quippe
1250 1194 1294 1210 -

134 1270 368 1351 postulaturis’
389 1275 518 1353 spectat
538 1272 582 1338 ad
604 1271 720 1354 „illis”
768 1274 853 1339 Anu.
876 1273 939 1339 III.
960 1279 1012 1340 68.
1036 1269 1120 1354 „nisi
1141 1267 1293 1351 quoan.

137 1379 298 1447 Lentulus
317 1379 500 1462 separanda
521 1379 625 1447 Silani
646 1384 795 1447 materna
815 1362 911 1464 bona,
932 1379 1049 1464 quippe
1069 1379 1136 1445 aHa
1156 1378 1294 1460 parente

135 1488 250 1572 geniti,
279 1488 508 1570 reddendaque
536 1489 602 1556 filio
630 1488 742 1556 dirior
765 1489 905 1573 „quippe
931 1488 1053 1574 geniti’
1080 1486 1223 1556 refertur
1251 1484 1293 1552 ad

136 1596 289 1679 „Silani”
313 1635 354 1646 —

241 1705 385 1772 Restant
406 1704 469 1770 diro
491 1704 563 1788 loci,
587 1705 701 1785 quibus
724 1706 840 1789 quippe
861 1704 971 1789 paullo
990 1701 1182 1770 insolentius
1203 1699 1293 1767 adhi-

135 1813 238 1879 bitum
254 1816 315 1879 est.
344 1813 387 1879 H.
410 1813 436 1878 Ι.
450 1818 507 1879 72:
529 1816 583 1894 „et
602 1814 688 1879 haud
699 1813 795 1880 dubie
804 1792 1006 1895 servaverat„
1025 1828 1090 1877 non
1110 1806 1293 1890 clementia,

138 1921 255 2002 quippe
275 1925 326 1988 tot
347 1920 543 2003 interfectis
566 1923 624 1987 sed
647 1921 800 2006 effugium
822 1922 856 1988 in
874 1923 1027 2003 futurum,
1053 1917 1294 2001 quiapessimus

142 2048 168 2093 e.
193 2048 222 2107 q.
238 2030 282 2093 s.”
328 2028 445 2095 Verbis
465 2029 666 2112 „quippetot
686 2031 889 2098 interfectis'’
901 2030 1093 2113 explicatur,
1114 2047 1171 2092 cur
1182 2026 1294 2092 Titum

133 2137 264 2202 l'inium
293 2137 468 2204 clementia
504 2138 680 2204 adductum
710 2139 837 2206 Galbae
864 2139 964 2213 filiam
992 2135 1176 2204 servavisse
1205 2133 1295 2200 credi

133 2256 197 2311 non
225 2245 337 2327 possit.
382 2246 474 2311 Haec
501 2247 602 2314 verba
623 2247 726 2331 igitur
750 2248 785 2314 in
816 2247 1004 2330 parenthesi
1037 2244 1151 2311 addita
1180 2242 1294 2309 eadem

134 2354 317 2435 exprimunt
338 2373 378 2419 ac
400 2354 540 2436 „quippe
552 2359 603 2421 tot
621 2356 864 2422 interiecerat.’'
908 2356 993 2421 Ann.
1014 2355 1075 2420 XI.
1090 2361 1126 2420 6:
1151 2350 1293 2435 „Suilius

134 2469 168 2527 et
178 2462 390 2528 Cossutianus
405 2467 440 2528 et
459 2463 571 2546 ceteri,
590 2464 719 2544 quinon
734 2465 900 2549 judicium,
920 2464 1038 2546 quippe
1050 2463 1083 2528 in
1093 2461 1292 2542 manifestos

133 2572 190 2636 sed
217 2590 354 2652 poenam
376 2571 480 2636 statui
501 2570 668 2654 videbant,
692 2573 935 2640 circumsistunt
954 2572 1126 2638 Caesarem
1149 2573 1184 2636 et
1201 2589 1230 2651 q.
1246 2568 1291 2634 s.'’

135 2679 318 2761 „Usitatius
340 2683 376 2744 et
388 2679 560 2746 dilucidius
581 2680 722 2748 fortasse
733 2681 868 2748 Tacitus
885 2681 1038 2747 dixisset:
1065 2677 1293 2763 „insequippe

132 2786 351 2852 manifestos.”

234 2895 274 2959 In
295 2893 481 2961 universum
503 2901 677 2976 praeterea
699 2899 779 2964 haee
802 2903 879 2965 sunt
900 2899 1059 2966 addenda.

236 3004 269 3089 1)
293 3003 439 3086 Saepius,
464 3008 502 3069 ut
524 3005 610 3086 apud
632 3005 770 3088 Livium,
792 3007 841 3072 ita
863 3007 950 3089 apud
962 3005 1112 3072 Tacitum
1134 3003 1291 3087 „quippe”

132 3112 294 3193 particula
330 3112 441 3193 aliqua
475 3114 681 3194 parenthesis
711 3114 938 3182 introducitur.
991 3114 1045 3181 Sic
1070 3113 1148 3179 Hist
1177 3113 1239 3178 ΙΠ.
1271 3117 1290 3178 9

135 3222 216 3302 „has
229 3222 271 3287 ad
288 3221 397 3303 copias
410 3240 613 3303 nequaquam
635 3222 824 3290 Vitellianis
834 3243 940 3306 pares
964 3223 1080 3306 quippe
1095 3227 1164 3287 tres
1185 3221 1292 3287 adhuc

133 3329 279 3412 legiones
300 3336 412 3411 erant,
438 3329 526 3396 misit
555 3331 713 3413 epistulas
736 3332 877 3398 Caecina
899 3350 926 3397 e.
950 3350 980 3413 q.
1004 3332 1048 3397 s.’'
1092 3329 1132 3404 H.
1155 3329 1213 3395 IV.
1238 3335 1289 3395 36.

132 3438 216 3504 Ann.
229 3439 255 3520 l,
269 3446 319 3504 58.
338 3439 382 3524 II,
398 3446 448 3505 80.
466 3440 528 3524 III,
543 3445 591 3505 17.
612 3440 671 3524 IV,
683 3447 710 3506 1.
729 3440 787 3525 VI,
802 3446 830 3506 fi.
853 3440 907 3525 (V,
920 3441 974 3526 10)
983 3440 1080 3524 ΧΙΙΙ,
1091 3445 1140 3504 19.
1155 3437 1229 3522 XV,
1237 3442 1290 3503 46.

237 3548 270 3633 2)
293 3547 463 3613 Particula
500 3547 658 3630 „quippe”
696 3568 754 3630 pro
783 3548 885 3631 primo
923 3548 1098 3614 secundum
1125 3547 1230 3612 locum
1255 3545 1290 3610 in

133 3655 302 3721 enuntiato
331 3660 425 3721 tenet
447 3656 673 3744 (anastrophe)
688 3657 768 3745 ¹)his
797 3657 893 3723 locis:
916 3657 995 3740 Agr.
1015 3663 1044 3721 3.
1068 3657 1152 3721 Ann.
1169 3654 1214 3728 II,
1239 3659 1288 3719 15.

133 3769 184 3828 33.
208 3771 250 3829 80
272 3764 334 3828 ΙΙΙ.
357 3771 386 3829 2.
411 3769 440 3829 5.
465 3769 513 3829 17.
535 3763 593 3829 IV.
618 3770 667 3829 17.
693 3771 741 3830 19.
766 3771 816 3831 32.
849 3772 900 3831 38.
929 3772 978 3831 39.
1010 3768 1061 3829 41.
1086 3769 1136 3829 67.
1157 3762 1213 3827 VI.
1238 3768 1289 3828 28.

131 3872 202 3957 (34)
222 3872 300 3952 ΧΠ,
325 3878 376 3938 se.
397 3875 450 3936 41.
472 3871 546 3953 xv,
568 3877 619 3937 aa.
643 3878 693 3936 35.
718 3878 769 3937 51.
790 3879 831 3938 oo
852 3873 943 3955 XVI,
968 3879 995 3936 r.
1021 3877 1070 3937 rr.

234 3981 268 4065 3)
290 3979 534 4046 Hildebrandus
555 3981 606 4046 l.l.
629 3980 841 4063 demonstrat,
862 4000 925 4046 uno
955 3981 1024 4046 loco
1055 3979 1141 4060 apud
1160 3977 1289 4045 Livium

133 4087 290 4169 „quippe”
313 4088 509 4169 particulam
531 4088 667 4154 eandem
696 4088 766 4155 iere
787 4089 854 4156 vim
882 4089 1012 4170 hahere,
1035 4107 1074 4153 ac
1095 4086 1211 4169 „quia”
1234 4088 1289 4153 vel

132 4197 266 4275 „quod”
310 4195 382 4262 Liv.
405 4196 444 4260 V.
469 4200 519 4261 53.
543 4200 565 4260 4
585 4197 669 4262 enim
693 4198 828 4280 legitur:
853 4216 959 4281 „nunc
986 4198 1047 4262 has
1075 4194 1185 4260 ruinas
1212 4194 1288 4260 reli-

131 4304 275 4382 quendas
292 4321 356 4368 non
367 4320 542 4386 censerem,
557 4303 674 4386 quippe
690 4310 760 4371 tum
779 4325 879 4373 causa
890 4305 983 4372 nobis
1004 4352 1011 4368 .
1035 4353 1043 4370 .
1066 4352 1074 4368 .
1099 4352 1106 4368 .
1129 4302 1287 4370 victoriae

131 4417 228 4496 esset,
246 4430 331 4478 nunc
348 4412 432 4478 haec
451 4411 604 4497 migratio
626 4414 769 4499 gloriosa
790 4416 871 4482 est.’'
915 4414 997 4480 Tale
1008 4416 1118 4479 autem
1134 4411 1287 4493 quiddam

234 4645 387 4716 ¹Draeger
403 4649 428 4713 t.
444 4646 506 4705 221.
