2850 4972
590 594 802 657 ..15-

120 781 181 845 per
202 762 422 847 conjecturam
443 760 579 846 inventi,
602 759 828 845 conjunctivus
847 760 1160 849 adhibendusest1).
1182 759 1276 826 Haec

123 869 252 951 quidem
270 869 325 936 lex
346 868 487 935 melioris
506 867 684 935 latinitatis
706 872 768 938 eat.

223 978 291 1045 Nec
312 977 431 1043 mirum
447 981 498 1043 est
519 976 617 1061 longe
639 976 827 1060 saepissime
840 978 926 1060 apud
941 978 1116 1060 scriptores
1128 977 1277 1061 conjunc-

121 1087 225 1155 tivum
245 1085 365 1153 inveni.
408 1085 492 1152 Nam
517 1084 691 1167 praecipue
715 1105 798 1170 „non
822 1087 918 1168 oaria“
945 1106 1027 1171 „non
1047 1087 1151 1169 quor
1187 1085 1277 1153 adhi-

117 1182 204 1261 ¹bere
234 1194 373 1260 solemus
399 1194 440 1260 ad
469 1193 664 1277 cavendum,
696 1213 737 1260 ne
766 1194 865 1262 alicui
892 1195 940 1261 rei
969 1195 1023 1262 vel
1051 1193 1173 1261 actioni
1193 1194 1279 1261 falsa

124 1320 239 1384 causa,
270 1319 366 1383 quam
388 1301 523 1385 supponi
548 1320 642 1383 posse
667 1302 844 1386 opinamur,
866 1305 1075 1385 supponatur,
1098 1303 1141 1369 ad
1160 1301 1279 1369 falsam

125 1410 452 1494 interpretationem„
463 1429 649 1493 perversam
668 1412 890 1497 conjecturam
907 1410 1136 1494 repellendam.

223 1520 321 1603 Apud
349 1519 516 1602 Tacitum,
545 1525 583 1586 ut
611 1521 673 1586 hoc
701 1518 928 1602 praemittam,
956 1522 1089 1602 praeter
1117 1518 1159 1584 H.
1189 1518 1216 1583 Ι.
1238 1522 1278 1584 15

124 1627 350 1711 conjunctivus
370 1632 444 1710 post
468 1647 551 1710 „non
574 1628 668 1709 quia“
692 1627 815 1711 legitur
824 1627 904 1710 Agr.
928 1630 980 1692 46.
994 1625 1037 1692 Η.
1059 1626 1086 1691 Ι.
1110 1631 1150 1692 29
1172 1624 1217 1691 II.
1231 1630 1279 1692 17.

123 1735 208 1800 Ann
228 1734 312 1801 XIV
333 1739 385 1818 43,
408 1753 512 1816 neque
533 1735 568 1800 in
589 1736 655 1802 ullo
677 1735 747 1802 loco
770 1739 832 1819 est,
855 1752 913 1800 our
930 1733 1138 1800 offendamus.
1181 1732 1280 1799 Prae-

122 1846 216 1909 terea
240 1843 304 1909 huo
329 1842 533 1909 referendum
562 1846 613 1910 est
639 1843 681 1909 H.
708 1843 758 1909 IV
777 1849 817 1910 25
841 1846 930 1926 „tum
957 1861 975 1907 e
998 1839 1161 1908 seditiosis
1182 1860 1281 1908 unum

123 1950 240 2019 vinciri
264 1951 376 2036 jubet,
407 1951 511 2034 magis
532 1951 710 2034 usurpandi
726 1951 825 2036 juris,
853 1969 949 2032 quam
973 1949 1049 2031 quia
1070 1948 1166 2015 unius
1184 1950 1281 2032 culpa

226 2142 246 2209 ¹)
260 2139 463 2195 Grammaticus
481 2142 509 2195 in
526 2157 607 2196 usum
628 2141 786 2196 scholarum
807 2139 1159 2208 compositaesimplioiter
1169 2140 1282 2208 docent,

124 2229 148 2283 oi
176 2244 260 2284 canoa
276 2230 369 2298 aliqua
393 2231 485 2285 locum
509 2230 612 2287 habere
629 2235 762 2301 negetur,
780 2231 988 2285 coniunctivum
1005 2231 1139 2284 utendum
1157 2245 1232 2299 esse3
1252 2230 1281 2284 id

127 2320 204 2389 quod
222 2334 385 2390 quamquam
400 2321 461 2376 iura
479 2322 597 2392 quodam
616 2321 673 2376 dici
691 2324 793 2389 potest,
813 2326 905 2376 tamen
927 2326 1003 2375 certe
1022 2336 1079 2374 non
1097 2313 1211 2374 sufficit

226 2412 315 2466 Raotc
333 2412 451 2466 Haasius
469 2413 591 2481 (Reisigs
604 2411 795 2480 Vorlcsungen
814 2416 828 2476 ξ
849 2412 899 2465 270
921 2416 1007 2466 annot
1019 2412 1090 2479 432).
1124 2410 1224 2480 „Wird
1235 2410 1280 2466 ein

124 2501 224 2557 Grund
246 2501 286 2555 als
308 2502 353 2556 ein
372 2501 495 2556 wirklich
515 2501 712 2556 vorhandcner
730 2501 896 2570 angogoben
915 2502 972 2555 und
991 2517 1043 2555 nur
1062 2501 1107 2556 die
1125 2501 1214 2569 Folge
1231 2515 1280 2569 ge·

123 2592 365 2661 langnet‚wobei
376 2591 613 2646 derlndicativ
632 2590 1210 2661 gebrauchtwird‚so.atehtnichtnon
1223 2606 1281 2659 qno

124 2681 246 2737 sondern
264 2698 319 2736 non
336 2681 413 2751 quod
433 2683 501 2737 oder
519 2698 576 2736 non
593 2682 665 2750 quia.
683 2713 717 2721 -
734 2680 829 2737 Aliter
847 2683 1007 2751 Kruagerus
1025 2680 1214 2749 (Grammatik
1232 2680 1282 2735 der

124 2771 173 2826 lut.
192 2770 254 2840 Spu.
273 2776 288 2836 ξ
308 2776 357 2826 368
366 2769 450 2824 Anm.
471 2773 499 2839 2)
518 2771 587 2839 „Bei
604 2787 661 2825 non
679 2772 763 2840 quod,
781 2787 837 2826 non
854 2773 918 2843 quia
936 2803 969 2811 —
989 2771 1048 2836 sod,
1065 2787 1109 2825 wo
1128 2770 1281 2825 einGrund

130 2860 259 2916 verneint
277 2859 335 2914 und
350 2861 394 2915 ein
413 2861 531 2915 anderen
549 2874 585 2914 an
604 2860 745 2917 dieStelle
763 2866 873 2931 gesetzt
888 2861 967 2928 vird,
983 2858 1281 2914 istdaraniauachten

127 2953 165 3009 ob
182 2950 233 3006 der
250 2950 393 3005 verneinte
404 2949 502 3004 Grnnd
521 2952 562 3005 als
581 2950 625 3004 cin
643 2951 721 3006 bloss
738 2952 948 3022 mttglichor‚
967 2952 1017 3005 dcr
1035 2943 1282 3005 etwastattfindon

126 3042 249 3111 kitnnte,
274 3041 342 3096 oder
366 3041 401 3095 ob
426 3055 457 3095 cr
475 3044 518 3095 als
536 3041 699 3097 wirklich
716 3043 813 3098 nicht
832 3041 1077 3097 stattlindond
1096 3040 1281 3095 daraustellcn

126 3134 172 3189 ist
208 3134 322 3187 Erotero
334 3132 614 3201 Darstellnngsweise
631 3132 668 3186 ist
686 3127 819 3202 htufiger.
855 3135 886 3189 ln
906 3133 968 3187 dem
987 3132 1109 3187 lotzercn
1119 3131 1197 3185 Falla
1206 3131 1280 3186 steht

127 3226 178 3281 der
194 3224 343 3291 Indicativ,
356 3224 393 3276 im
410 3228 535 3277 erstcren
555 3224 605 3278 der
623 3223 800 3293 Gonjunctiv.

230 3314 288 3373 Sed
305 3314 374 3370 haec
390 3313 457 3366 mihi
475 3313 555 3368 nimis
573 3315 679 3369 incerte
696 3314 773 3367 dicta
791 3329 851 3368 csse
869 3313 1008 3367 videntur.
1043 3313 1113 3368 Nam
1131 3311 1215 3367 otiam
1233 3311 1282 3366 nbi

125 3406 336 3461 coniunctivum
362 3404 504 3473 ponimus,
530 3408 660 3473 negatam
680 3418 791 3458 causam
809 3418 875 3458 vere
893 3402 985 3456 locum
1005 3417 1060 3456 non
1076 3402 1179 3457 habero
1196 3396 1280 3470 profi-

125 3500 225 3552 tamur.

231 3585 373 3642 cf.eua1n
393 3584 449 3641 Cic.
467 3599 519 3651 pro
530 3584 645 3638 Plancio
664 3599 724 3653 cap.
743 3588 775 3638 32
794 3589 808 3649 ξ
830 3588 870 3651 ts,
891 3582 1281 3653 „nonquiamultisdebeo-

125 3680 190 3735 leve
210 3678 282 3733 enirn
302 3682 345 3731 est
365 3691 434 3730 onus
456 3671 584 3729 beneficii
601 3677 743 3745 gratia-
763 3675 813 3730 sod
833 3675 1074 3743 quianonourrunt
1086 3689 1109 3727 c.
1127 3693 1151 3743 q.
1167 3675 1208 3728 s.“
1225 3673 1282 3728 lam

125 3767 287 3839 parenthesi
304 3767 385 3838 „love
402 3806 410 3822 .
428 3806 434 3818 .
453 3766 571 3833 gratia“,
590 3781 673 3835 quam
685 3766 765 3820 addit
774 3767 880 3833 Cicero,
896 3764 1025 3834 profecto
1035 3779 1064 3819 se
1077 3763 1170 3817 multis
1179 3763 1282 3818 debere

126 3858 240 3913 latetur.
276 3853 482 3925 Argumentum
499 3856 588 3925 igitur
606 3857 730 3926 negativi
748 3856 867 3910 carrsalis
885 3855 1022 3910 enuntiati
1036 3853 1282 3922 persoaveritato

125 3964 184 4004 non
204 3948 293 4003 abest.
322 3947 365 4002 De
394 3948 536 4015 republica
559 3948 581 4002 I.
608 3949 639 4002 le
663 3948 803 4017 .‚Egregle
826 3947 960 4001 cordatus
982 3946 1065 4000 homo
1084 3948 1162 3998 catus
1180 3942 1282 3999 Aelius

124 4038 240 4095 Sextius
256 4076 265 4094 .
283 4074 290 4093 .
309 4037 344 4090 ab
362 4037 453 4091 Ennio
471 4038 563 4093 dictus
582 4043 626 4094 est
648 4054 704 4092 non
723 4039 799 4107 quod
817 4052 849 4091 ea
867 4037 1027 4105 quaerebat,
1043 4048 1114 4103 quac
1133 4050 1281 4103 numquam

124 4128 278 4197 inveniret,
299 4128 349 4183 sed
368 4129 442 4197 quod
460 4143 493 4182 oa
511 4128 713 4197 respondebat,
737 4143 808 4197 quae
826 4144 887 4195 eos,
911 4128 957 4197 qui
976 4127 1155 4196 quaesissont,
1173 4130 1201 4179 et
1216 4141 1282 4181 cura

125 4223 155 4274 et
173 4218 290 4287 negotio
308 4218 475 4284 solverent;“
496 4218 706 4289 (ubiKayscrus
725 4233 792 4273 sano
814 4218 1003 4289 „quaeroret“
1026 4216 1206 4284 corigendum
1222 4230 1282 4271 esse

123 4309 255 4381 putavit.)

229 4399 378 4454 Praeterea
389 4399 455 4453 Hor.
474 4398 533 4454 Sat.
550 4400 573 4456 l.
589 4402 614 4457 6.
625 4415 688 4457 vers
707 4404 721 4456 1
740 4417 801 4470 sqq.
835 4401 915 4468 „Non
934 4398 1007 4467 quia,
1024 4397 1178 4461 Maecenas,
1185 4396 1279 4475 Lydo·

125 4504 188 4545 rum
205 4487 342 4558 quidquid
361 4488 496 4543 Etruscos
515 4487 722 4560 incolumium,
742 4506 823 4546 nemo
842 4488 1005 4559 generosior
1023 4492 1066 4543 est
1082 4491 1111 4541 tc
1133 4490 1206 4541 ctc.“

11 4612 15 4621 ·
228 4576 274 4633 De
291 4576 437 4632 indicativi
456 4584 521 4647 post
538 4595 614 4650 „non
633 4582 715 4650 quia“
732 4596 788 4637 non
807 4579 901 4649 quod“
919 4577 995 4646 apud
1004 4578 1113 4632 Livium
1123 4575 1158 4632 cf.
1167 4576 1280 4632 Kuehn·

10 4697 15 4739 ,ι
128 4670 174 4725 ut
190 4666 253 4723 Liv.
272 4666 353 4739 synt.
372 4683 400 4737 p.
420 4670 479 4726 240.
495 4670 553 4727 893.
