2850 4972
606 284 819 347 ..14..,

139 448 264 516 tontias
291 450 344 516 vel
363 450 464 516 verba
490 453 621 531 namet,
655 447 833 530 suscipiens
853 448 923 530 ipse
944 448 1041 532 dicit,
1070 450 1154 529 quod
1177 450 1219 516 ab
1239 449 1297 515 illo

140 555 206 622 dici
228 576 246 623 e
265 556 502 623 sententiarum
513 573 599 622 nexu
612 560 848 638 exspectamus.
895 556 965 639 Quo
977 556 1025 641 fit,
1049 561 1086 624 ut
1101 557 1184 625 talia
1198 576 1297 624 enun-

138 663 224 731 tiata
253 668 409 745 tanquam
428 662 462 729 in
484 662 674 746 parenthesi
691 663 804 730 addita
826 663 1020 748 intellegere
1046 664 1155 731 liceat.

240 815 271 880 b.
315 814 588 882 indicativus
609 815 658 881 ad
684 833 785 897 „non
807 813 923 895 quia“
945 814 1151 903 positum).

139 922 331 1003 Priusquam
346 922 387 988 de
402 924 463 989 lloc
475 922 603 989 dicendi
614 941 734 1006 genere
744 923 848 989 nostri
864 922 1040 1006 scriptoris
1060 923 1115 1003 qui
1126 926 1200 1005 post
1216 942 1300 1006 „non

139 1030 233 1111 quia“
266 1034 437 1111 utrumque
465 1031 593 1097 modum
614 1030 793 1113 promiscue
822 1035 975 1113 usurpat,
1007 1031 1129 1112 aliquid
1157 1031 1300 1117 judicari
1360 1032 1363 1039 '

139 1138 257 1221 possit,
285 1156 368 1218 quae
395 1140 449 1205 lex
478 1138 512 1205 in
542 1138 706 1204 modorum
737 1138 823 1219 apud
857 1156 940 1220 „non
970 1137 1065 1218 ιιιιιιιι
1089 1156 1149 1204 usu
1172 1136 1300 1204 omnino

139 1252 232 1312 recta
258 1246 408 1312 habenda
438 1246 497 1330 sit,
529 1246 716 1313 accuratius
736 1245 944 1329 perquiratur
966 1264 1100 1313 necesse
1124 1251 1184 1312 est.
1228 1246 1301 1312 Hoc

138 1359 248 1420 autem
281 1354 401 1436 optime
435 1353 506 1420 fieri
531 1353 671 1436 poterit,
712 1373 784 1420 oum
811 1354 966 1437 exemplis
1006 1358 1145 1421 utamur.
1190 1355 1300 1435 Atque

139 1462 560 1528 initiumsumamusadial.
574 1462 657 1527 9ubi
670 1462 825 1546 legimus:
852 1480 986 1545 „nempe
999 1462 1027 1528 si
1037 1462 1160 1528 amicus
1171 1463 1250 1547 ejus,
1273 1462 1302 1528 si

139 1569 345 1653 propinquus,
360 1568 388 1634 si
400 1568 538 1650 denique
546 1568 615 1651 ipse
625 1569 658 1635 in
667 1569 798 1651 aliquod
806 1570 971 1653 negotium
981 1569 1143 1654 inciderit,
1164 1570 1303 1637 adhunc

140 1678 488 1761 Secundumreourret,
512 1678 633 1744 autad
656 1677 859 1760 teMateme,
881 1696 959 1743 non
982 1677 1078 1759 quia
1099 1681 1223 1760 polita
1245 1696 1302 1761 es,

140 1804 244 1867 neque
266 1790 303 1851 ut
324 1805 383 1867 pro
404 1805 442 1852 eo
463 1805 578 1853 versus
598 1785 731 1852 facias.“
779 1786 888 1851 Verba
909 1792 1034 1852 rectam
1057 1803 1188 1852 oausam
1200 1785 1301 1851 conti-

141 1893 256 1960 nentia
279 1894 355 1976 „sed
374 1894 451 1974 quia
476 1898 586 1960 orator
607 1913 643 1960 es
665 1897 700 1961 et
717 1897 838 1961 uteum
853 1893 1041 1977 (ιθιιιιιιιιε,ιι
1066 1893 1302 1961 cumfacillime

141 2019 160 2066 e
189 2000 355 2066 sententia
385 2000 528 2083 suppleri
552 2002 692 2085 possint,
721 2000 838 2068 omissa
860 2006 946 2067 sunt.
993 1999 1084 2083 „Non
1106 2000 1182 2081 quia
1203 2004 1303 2081 poeta

145 2114 199 2175 es‘⁴
222 2138 265 2165 =
291 2108 402 2190 „nicht
424 2110 608 2193 daswegen,
631 2110 706 2176 weil
729 2110 771 2176 du
786 2109 925 2175 Dichter
946 2108 1050 2190 bist;“
1075 2113 1221 2175 nostrum
1242 2109 1302 2195 igi·

142 2220 198 2282 tur
221 2235 400 2283 sermonem
416 2236 488 2284 oum
499 2198 603 2284 latino
620 2236 799 2301 congruere
819 2217 975 2283 videmus.
1021 2216 1087 2283 Sed
1105 2216 1303 2285 indicativus

142 2325 241 2392 etiam
264 2344 385 2391 summo
403 2326 477 2411 jure
500 2327 623 2408 positus
646 2331 706 2393 est.
752 2326 835 2392 Nam
857 2324 1027 2391 Maternus
1048 2328 1147 2406 poeta
1168 2344 1233 2393 nou
1254 2345 1303 2393 so-

141 2435 208 2501 lum
237 2438 305 2518 est,
337 2435 394 2501 sed
418 2434 518 2500 etiam
538 2436 693 2502 habetur:
725 2453 802 2518 ergo
824 2433 1030 2517 „Maternum
1056 2435 1188 2514 poetam
1210 2440 1301 2501 esse“

142 2542 222 2608 nihil
234 2541 414 2625 excogitati
429 2547 490 2626 est,
511 2542 567 2609 sed
584 2561 656 2609 cum
668 2542 812 2609 veritate
827 2542 988 2609 convenit.
1008 2541 1109 2607 Immo
1125 2541 1186 2607 hoo
1201 2541 1304 2609 solum

142 2654 292 2733 negatur,
314 2649 395 2716 illud
419 2653 567 2732 „politam
586 2656 677 2716 esse“
703 2649 894 2716 effecturum
908 2667 989 2731 esse,
1011 2653 1048 2715 ut
1061 2648 1160 2730 quiin
1173 2648 1304 2731 aliquod

142 2757 309 2843 negotium
328 2756 511 2842 inciderint,
532 2758 574 2825 ad
590 2756 775 2823 Maternum
795 2761 976 2824 recurrant.

244 2885 330 2951 Huic
359 2889 505 2969 exemplo
535 2886 733 2953 contrarium
757 2890 808 2951 est
830 2885 871 2951 H.
893 2886 920 2951 Ι.
947 2890 1004 2950 15:
1035 2884 1114 2967 „sed
1135 2884 1305 2967 Augustus

143 2996 177 3061 in
215 2994 307 3061 domo
336 3013 536 3062 succesorem
566 2994 746 3077 quaesivit,
787 3012 846 3077 ego
869 2993 903 3058 in
924 2993 1106 3076 republica,
1142 3010 1206 3058 non
1229 2992 1305 3073 quia

145 3102 339 3185 propinquos
366 3108 424 3169 aut
453 3103 556 3171 socios
574 3104 653 3171 belli
673 3122 737 3169 non
766 3103 904 3168 habeam
935 3101 991 3167 sed
1019 3119 1046 3166 e.
1068 3120 1097 3182 q.
1120 3106 1166 3183 s,“
1194 3098 1306 3182 „nicht

37 3226 40 3231 ⁴
144 3211 195 3277 als
215 3213 255 3277 ob
277 3211 332 3277 ioh
350 3213 681 3279 keineVerwandteu
703 3212 830 3277 hauteu
875 3208 988 3275 Etiam
1010 3208 1063 3274 hic
1084 3209 1163 3274 item
1179 3207 1305 3274 eodem-

147 3339 210 3400 que
234 3321 307 3404 jure
336 3340 375 3387 ao
396 3321 509 3387 Latini
531 3340 589 3388 nos
611 3319 798 3405 conjuntivo
818 3317 949 3384 utimur.
993 3317 1105 3383 Habet
1128 3316 1211 3382 euim
1232 3335 1305 3398 pro·

144 3429 282 3511 pinquos
293 3428 416 3493 Galba:
438 3447 515 3513 ergo
538 3429 619 3495 illud
641 3428 858 3511 „propinquos
880 3443 945 3491 non
968 3424 1107 3490 habere“
1120 3427 1171 3489 est
1181 3420 1305 3504 aliquid

143 3540 273 3604 tantum
295 3530 381 3617 ficti,
406 3537 489 3616 quod
509 3556 530 3602 a
548 3536 692 3604 veritate
714 3537 857 3601 aberrat.

247 3664 322 3730 Jam
355 3684 395 3730 ex
413 3665 481 3749 his,
512 3683 594 3746 quae
617 3665 682 3730 iter
709 3683 744 3730 se
768 3662 910 3745 opposui,
934 3660 1090 3743 exemplis
1111 3658 1209 3725 facile
1231 3676 1305 3741 cog-

145 3771 306 3855 noscitur,
341 3782 418 3853 qua'
433 3773 466 3838 in
493 3794 529 3838 re
554 3773 736 3855 ponendum
758 3772 802 3837 sit
824 3769 990 3855 judicium.
1034 3768 1069 3833 si
1092 3768 1176 3834 enim
1196 3766 1307 3849 aliqua

145 3899 217 3963 rea,
250 3900 332 3960 quae
361 3900 419 3963 per
450 3900 486 3947 se
510 3882 601 3965 justa
631 3901 670 3948 ac
698 3900 778 3949 vera
810 3881 863 3948 vel
893 3883 944 3944 est
968 3878 1022 3944 uel
1044 3882 1134 3943 certe
1154 3877 1305 3961 habetur,

149 4005 248 4053 causa
272 3987 410 4071 alicujus
431 3988 480 4053 rei
502 4006 573 4054 esse
595 3993 751 4071 negatur,
783 3985 982 4053 indicativus
1003 3983 1144 4072 (scilicet
1167 3988 1307 4064 excepta

149 4094 295 4161 oratioue
318 4095 479 4183 obliqua),
499 4094 549 4161 sin
570 4100 680 4163 autem
702 4094 825 4176 aliquid
848 4098 978 4161 tantum
996 4092 1134 4177 cogitati
1157 4096 1191 4157 et
1213 4090 1306 4171 quasi

255 4353 275 4422 ¹)
291 4367 364 4424 „non
385 4352 479 4422 quod“
501 4366 575 4423 „non
593 4352 668 4422 quo‘⁴
685 4367 759 4423 ‚pon
779 4352 864 4422 qur‘
883 4348 1305 4423 spuoroutumnonmvonioa
