2850 4972
545 1776 790 1861 Praefatio.

188 1964 365 2045 Postquam
386 1963 450 2029 nisi
472 1963 600 2046 singula
621 1965 842 2046 persequendo
864 1962 907 2029 ad
926 1964 1111 2030 universum
1130 1985 1245 2047 perve-

79 2074 149 2141 niri
179 2092 245 2139 non
275 2092 369 2155 posse
398 2072 919 2155 rectepe1²spexe1rmt,lromines
943 2073 1039 2155 docti,
1062 2074 1117 2153 qui
1139 2094 1245 2157 gram·

80 2183 227 2250 maticae
255 2183 379 2248 latinae
409 2182 604 2263 perfectioni
633 2202 763 2264 operam
783 2182 872 2263 dant,
903 2181 1138 2247 recentioribus
1164 2188 1244 2249 tem-

81 2292 217 2375 poribus
238 2291 343 2375 magis
366 2310 461 2371 quam
481 2295 580 2356 antea
606 2292 714 2357 studia
737 2291 885 2357 conferre
908 2296 1083 2372 coeperunt
1107 2293 1150 2357 ad
1181 2292 1244 2357 siu-

82 2401 233 2485 gulorum
256 2400 447 2481 scriptorum
471 2399 600 2465 diversa
622 2400 750 2465 dicendi
771 2418 894 2482 genera
928 2399 1182 2482 pervestiganda
1210 2406 1244 2466 et

82 2510 175 2575 inter
197 2527 232 2575 se
253 2508 479 2591 comparanda.
525 2507 595 2573 Iam
613 2527 692 2575 vcro
715 2526 907 2587 quamquam
928 2505 962 2572 in
983 2526 1115 2573 numero
1135 2527 1244 2574 eorum

82 2615 289 2699 scriptorum,
312 2616 354 2681 ad
377 2633 455 2695 uiros
477 2615 650 2696 praecipue
670 2615 728 2680 illa
750 2614 859 2680 studia
884 2615 990 2680 adhuc
1003 2615 1242 2698 pertinuerunt,

83 2726 188 2792 etiam
209 2724 377 2790 Cornelius
399 2724 535 2788 Tacitus
553 2724 720 2789 habendus
745 2728 805 2805 est,
828 2727 939 2788 tamen
957 2723 991 2788 in
1006 2742 1152 2790 sermone
1175 2725 1244 2790 eius

82 2833 248 2917 permulta
268 2836 450 2914 supersunt,
474 2850 557 2911 quae
576 2832 761 2898 accuratius
783 2831 1013 2913 perquirantur
1033 2850 1167 2898 necesse
1189 2834 1242 2899 sit.

83 2940 294 3025 Quinetiam
316 2958 401 3005 nunc
424 2940 559 3019 demum,
589 2944 760 3020 postquam
782 2938 989 3025 Wolfinius1)
1018 2939 1070 3005 vir
1098 2940 1244 3005 doctissi-

85 3066 160 3115 mus
180 3047 362 3129 nuperrime
383 3047 520 3129 primum
541 3047 627 3112 viam
649 3066 688 3113 ac
710 3047 870 3112 rationem
892 3047 1138 3129 demonstrarit,
1161 3065 1243 3126 quae

83 3174 159 3223 cum
187 3154 313 3220 omnino
342 3159 412 3220 tum
434 3155 488 3220 vel
518 3156 656 3220 maxime
684 3156 717 3221 in
741 3156 876 3222 Tacit-eo
908 3156 984 3221 stilo
1009 3156 1243 3239 perscrutando

83 3268 121 3331 et
143 3262 325 3331 definiendo
349 3262 552 3327 adhibendae
576 3268 695 3346 essent,
720 3263 852 3345 studiis,
885 3282 968 3343 quae
988 3264 1051 3328 huc
1081 3266 1242 3344 spectant,

83 3370 212 3435 firmum
220 3370 400 3453 subjectum
409 3373 460 3434 est
469 3368 724 3436 fundamentum.
756 3371 926 3452 Equidem,
936 3370 1243 3450 quicumnonuulla·

82 3496 157 3544 runi
176 3477 354 3543 causalium
373 3477 633 3560 conjunctionum
651 3482 831 3544 tractarem
852 3479 939 3559 apud
966 3476 1115 3542 Tacitum
1140 3495 1242 3560 usum,

82 3602 144 3667 pro
162 3603 235 3651 mea
255 3588 351 3667 parte
373 3584 612 3664 aliquantulum
634 3586 668 3650 iu
688 3586 826 3653 medium
848 3585 966 3652 afferre
998 3589 1134 3650 conatus
1161 3604 1241 3667 sum,

82 3690 263 3757 Woelflinii
290 3695 477 3774 praecepta,
501 3697 661 3771 quatenus
688 3694 749 3759 lioc
778 3694 849 3759 fieri
869 3697 1010 3777 poterat,
1033 3698 1164 3759 secutus
1185 3693 1242 3757 im·

81 3798 197 3885 primis
221 3800 409 3865 historicum
441 3799 550 3865 Taciti
577 3801 771 3882 scriptorum
800 3801 943 3867 ordinem
969 3820 1100 3867 servare
1122 3800 1240 3866 studui.

82 3905 214 3975 Ceteris
239 3907 280 3972 de
309 3906 409 3987 libris
444 3906 498 3985 qui
525 3906 603 3971 mihi
632 3909 717 3974 hauc
750 3908 1011 3975 dissertationem
1039 3908 1242 3989 componenti

80 4015 159 4085 usui
178 4013 320 4097 fuerrmt,
344 4033 416 4080 cum
439 4033 493 4080 eos
512 4034 638 4097 semper
663 4018 721 4082 sub
752 4021 847 4082 textu
875 4014 1116 4097 annotaverim,
1146 4016 1240 4097 plura

79 4122 188 4195 verba
208 4120 316 4187 facere
338 4140 402 4186 non
422 4140 501 4203 opus
521 4127 581 4188 est.

187 4249 280 4318 Haec
302 4251 381 4334 sola,
403 4251 590 4333 priusquam
612 4252 655 4318 ad
677 4271 745 4318 rem
765 4252 868 4333 ipsam
888 4251 1089 4332 accedamus,
1119 4250 1240 4317 addere

78 4360 195 4427 liceat.

191 4616 213 4685 ι)
232 4613 396 4685 rmuogus
409 4610 484 4671 xxv
494 4616 659 4684 pan-ran.
678 4616 806 4686 rrvrp.
823 4616 952 4673 aa-rca
968 4616 1076 4675 rxru
1096 4618 1145 4671 ιω
1181 4618 1238 4671 ua

1139 4720 1163 4765 Χ
